2517 3975
367 221 469 275 102
1130 237 1187 281 Q.
1225 236 1400 273 cun‘ri
1436 235 1566 273 nuri

188 395 193 399 ,
240 347 309 408 10
365 361 539 416 quam
569 346 835 399 victoriae
865 345 1104 415 pudeat.
1145 309 1237 397 Ad
1265 343 1393 397 haec
1418 342 1570 396 illud
1593 355 1828 411 quoque
1859 337 2090 392 accedit
2119 351 2133 390 ε
2165 336 2332 409 vigi-

238 704 294 757 11

235 1326 302 1380 13

232 2126 300 2180 15

232 2480 300 2536 16

360 434 475 488 lias
505 449 684 504 agere
716 434 1006 488 barbaros
1040 436 1098 487 et
1129 434 1191 486 in
1231 433 1419 485 armis
1458 438 1636 497 stare,
1666 432 1734 482 ut
1761 444 1836 483 ne
1864 427 2058 496 decipi
2090 426 2334 497 quidem

361 524 614 594 possint,
646 525 1008 592 compertum
1036 521 1249 576 haben.
1281 521 1482 591 Itaque
1512 519 1584 573 ad
1612 517 1888 588 proelium
1913 531 2026 570 vos
2053 517 2329 584 parate.»

362 610 460 665 Sic
488 612 765 666 incitatos
795 613 864 665 ad
897 627 1146 682 corpora
1174 608 1707 664 curandadimisit.

434 701 654 754 Darius
700 700 778 768 id,
843 700 997 770 quod
1044 699 1363 753 Parmenio
1412 699 1703 762 suaserat,
1745 696 1982 749 hostem
2032 693 2334 749 facturum

361 802 497 843 esse
525 788 889 859 conjectans,
922 788 1191 842 frenatos
1231 802 1419 857 equos
1464 788 1646 853 stare,
1676 797 2070 855 magnamque
2095 782 2333 844 exerci-

359 879 456 931 tus
484 882 711 948 partem
741 878 802 930 in
835 877 1019 930 armis
1049 892 1187 932 esse
1215 892 1283 929 ac
1312 875 1554 945 vigilias
1582 873 1899 927 intentiore
1921 887 2066 925 cura
2095 872 2332 926 servari

354 964 654 1037 jusserat:
690 981 833 1036 ergo
865 966 1109 1036 ignibus
1136 968 1260 1019 tota
1291 964 1424 1035 ejus
1454 966 1650 1018 castra
1678 961 2003 1034 fulgebant.
2034 961 2172 1029 Ipse
2192 975 2331 1017 cum

360 1054 610 1108 ducibus
639 1054 1112 1124 propinquisque
1142 1054 1381 1124 agmina
1409 1054 1470 1106 in
1509 1052 1696 1106 armis
1734 1050 2016 1104 stantium
2052 1049 2331 1102 circumi-

358 1141 477 1206 bat,
511 1141 712 1196 Solem
766 1145 825 1196 et
880 1143 1154 1197 Mithrem
1203 1157 1556 1210 sacrumque
1604 1143 1661 1195 et
1702 1143 1987 1194 aeternum
2034 1137 2329 1192 invocans

358 1230 577 1299 ignem,
606 1233 671 1284 ut
697 1230 821 1285 illis
850 1231 1090 1302 dignam
1115 1234 1316 1285 vetere
1347 1230 1531 1302 gloria
1549 1228 1958 1299 majorumque
1979 1242 2331 1281 monumen-

357 1317 436 1371 tis
452 1318 493 1346 ¹⁰
520 1318 926 1373 fortitudinem
955 1319 1342 1389 inspirarent.
1373 1310 1418 1389 ιβ
1449 1318 1521 1372 Et
1558 1316 1847 1386 profecte,
1877 1317 1935 1369 si
1963 1331 2077 1384 qua
2103 1315 2328 1369 divinae

359 1407 488 1477 opis
530 1407 822 1477 auguria*
862 1406 1117 1461 humana
1157 1409 1351 1462 mente
1375 1396 1623 1476 ‘concipi
1664 1408 1934 1476 possent,
1977 1404 2122 1459 deos
2166 1407 2330 1458 stare

359 1511 587 1550 secum.
628 1494 764 1548 Illos
793 1511 986 1564 nuper
1008 1495 1395 1550 Macedonum
1438 1495 1653 1549 animis
1697 1495 1959 1549 subitam
1988 1493 2329 1549 incussisse

356 1583 772 1638 formidinem:
801 1583 990 1638 adhuc
1019 1584 1352 1654 lymphatos
1384 1585 1527 1638 ferri
1547 1584 1785 1653 agique,
1805 1598 1969 1636 arma
1988 1581 2326 1653 jacientes:

358 1673 636 1740 expetere
666 1672 959 1741 praesides
987 1671 1310 1726 Persarum
1337 1672 1576 1742 imperii
1612 1671 1755 1726 deos
1785 1670 2015 1726 debitas
2043 1685 2071 1724 e
2109 1685 2330 1724 vecor-

357 1759 533 1812 dibus
560 1774 802 1829 poenaS.
833 1757 955 1813 Nec
984 1759 1178 1828 ipsum
1201 1760 1410 1814 ducem
1429 1759 1730 1815 saniorem
1746 1774 1880 1813 esse
1906 1776 1918 1812 :
1943 1760 2182 1828 quippe,
2207 1758 2328 1812 ritu

356 1847 639 1914 ferarum,
672 1848 936 1916 praedam
960 1848 1133 1902 modo
1182 1865 1359 1920 quam
1397 1851 1697 1919 expeteret
1724 1849 2072 1915 intuentem,
2101 1848 2163 1901 in
2197 1863 2327 1917 pet-

356 1937 573 1992 niciem
596 1937 632 1962 ¹¹
665 1953 796 2008 quae
826 1941 961 1992 ante
987 1937 1244 2007 praedam
1273 1939 1472 2009 posita
1500 1940 1660 1993 esset
1698 1939 2024 1993 incurrere.
2052 1958 2078 1986 n

425 2026 654 2082 Similis
683 2026 836 2097 apud
865 2027 1213 2083 Macedones
1242 2043 1476 2098 quoque
1507 2028 1839 2082 sollicitudo
1862 2029 1987 2081 erat
2019 2040 2031 2079 ε
2065 2030 2326 2082 noctem-

358 2129 485 2185 que,
517 2115 676 2169 vel‘ut
701 2114 766 2167 in
795 2130 921 2169 eam
951 2116 1272 2170 certamine
1301 2116 1512 2183 edicte,
1563 2118 1724 2171 metu
1766 2118 2033 2186 egerunt.
2066 2115 2329 2169 Alexan-

357 2202 482 2270 der,
508 2219 629 2257 non
650 2203 798 2256 alias
828 2204 1020 2274 magis
1040 2204 1305 2269 territu8‚
1330 2204 1401 2256 ad
1430 2206 1571 2257 vota
1593 2206 1649 2258 et
1677 2219 1885 2273 preces
1906 2203 2329 2257 Aristandrum

355 2291 559 2345 vocari
581 2290 774 2362 jubet.
810 2291 913 2345 Ille
932 2292 991 2359 ¹²,
1024 2292 1089 2344 in
1114 2292 1361 2345 candida
1390 2295 1580 2358 veste,
1612 2292 1906 2347 verbenas
1943 2307 2126 2345 manu
2163 2307 2329 2361 prae-

354 2378 578 2448 ferenS,
612 2380 798 2449 capite
829 2380 1041 2445 velate,
1063 2380 1313 2449 praeibat
1340 2395 1552 2448 preces
1580 2380 1716 2452 regist.
1735 2381 1950 2435 Jovem
1974 2380 2333 2434 Minervam-

359 2483 470 2536 que
506 2471 561 2521 et
590 2469 908 2523 Victoriam
938 2468 1364 2537 propitianti¹³.
1397 2469 1559 2524 Tunc
1589 2470 1851 2540 quidem,
1880 2468 2181 2524 sacrificio
2214 2469 2329 2525 rite

356 2558 711 2624 perpetrato,
757 2558 1053 2627 reliquum
1110 2557 1303 2611 noctis
1341 2559 1722 2629 acquieturus
1762 2559 1826 2612 in
1870 2559 2329 2613 tabernaculum

356 2643 552 2697 rediit.
586 2644 702 2698 Sed
744 2662 851 2699 nec
897 2661 1171 2699 somnum
1217 2661 1428 2715 capere
1457 2661 1566 2701 nec
1608 2646 1866 2717 quietem
1892 2648 2014 2717 pati
2043 2649 2278 2717 poterat
2312 2665 2327 2703 :

356 2730 532 2785 modo
564 2746 597 2785 e
618 2732 766 2804 jugo
794 2732 1011 2788 montis
1041 2734 1227 2787 aciem
1265 2736 1328 2787 in
1355 2735 1627 2788 dextrum
1656 2734 1977 2790 Persarum
2006 2752 2197 2791 cornu
2225 2736 2329 2791 de-

355 2818 587 2873 mittere
618 2821 876 2890 agitabat
894 2823 955 2892 ¹⁴,
996 2822 1168 2877 modo
1209 2826 1370 2878 recta
1400 2822 1592 2877 fronte
1623 2838 1978 2878 concurrere
2009 2823 2190 2889 hosti,
2227 2825 2326 2877 in·-

354 2996 595 3041 l'infinitif.
628 2998 799 3042 Certum
822 3003 898 3042 est
912 3000 1021 3043 mihi
1046 3000 1428 3055 deliberatumque
1443 3002 1591 3045 omnia
1608 3001 1814 3045 audacter
1842 3001 2067 3057 libereque
2096 3002 2328 3047 dicer-me

353 3058 638 3171 {qilzdeqisse
668 3064 714 3102 et
742 3061 1001 3106 determine
1029 3060 1057 3104 ὲ,
1083 3068 1184 3106 tout
1211 3063 1308 3108 dire
1335 3064 1601 3107 hardiment
1626 3069 1673 3107 et
1700 3063 2019 3108 franchement
2043 3065 2176 3120 (Cim,
2198 3066 2329 3110 Rosc.

408 3189 481 3229 10.
507 3152 997 3239 ’Μοηαηιεηιίε,ᾱὸι’ἰνό
1027 3188 1082 3230 de
1110 3200 1297 3242 monere,
1316 3188 1689 3243 avertissement,
1720 3191 1953 3243 example.

408 3249 478 3289 11.
514 3247 564 3289 1η
581 3245 951 3303 pcrnieien2‚quae
972 3256 1074 3292 ante
1097 3251 1294 3303 praedam
1322 3256 1473 3304 pos-lta
1505 3256 1636 3303 esset,
1666 3252 1909 3305 incurrere,
1934 3261 2114 3296 comme
2135 3254 2209 3297 les
2238 3252 2334 3296 ani-

357 3320 499 3352 maux
528 3308 737 3352 tombent
753 3310 865 3353 dans
886 3310 954 3354 les
974 3312 1131 3366 pieges
1154 3313 1308 3366 places
1329 3315 1499 3357 devant
1516 3315 1559 3357 la
1579 3314 1725 3369 proie.

408 3372 479 3414 12.
514 3370 803 3414 Aristander.
844 3371 916 3420 Cf.
959 3376 1030 3423 lv,
1059 3386 1140 3428 xv,
1170 3376 1238 3417 27.
1269 3375 1538 3419 Aristander
1574 3375 1676 3420 alba
1710 3380 1833 3420 vesle
1874 3377 2055 3421 indutus
2089 3382 2138 3423 et
2170 3380 2329 3424 dextra

347 3435 594 3488 praeferens
623 3434 835 3480 lauream.

408 3497 480 3540 13.
514 3495 806 3548 Ρνορὶιῐαπὶἰ,
838 3494 1137 3539 οέεῑ-ὲ-ᾱίτθ
1160 3499 1384 3552 propitios
1408 3502 1497 3544 sibi
1523 3501 1720 3562 facienti·

410 3557 481 3602 14.
514 3557 757 3599 Demittere
789 3556 1004 3608 aqtcabat.
1024 3557 1090 3598 En
1110 3569 1245 3610 prose
1265 3562 1383 3613 uallo
1412 3566 1512 3607 seul
1542 3577 1601 3609 ou
1621 3566 1763 3610 animo
1791 3569 1937 3621 wito,
1955 3567 2075 3612 ainsi
2096 3567 2328 3615 construit

1511 3703 1528 3728 Ι

2485 0 2493 217 ¹
