2517 3975
607 253 1005 295 nis-romaum·
1039 253 1395 308 ammom,
1431 258 1493 307 x,
1533 257 1614 295 xx.
1985 238 2091 295 879

102 366 349 439 gratiae
400 363 517 418 cito
563 364 917 434 abrumpere
941 363 983 393 ¹⁸
1028 364 1103 418 ad
1153 363 1377 419 bellum
1423 364 1598 419 civile
1645 366 2092 436 properantium

105 457 217 511 est
234 454 299 508 ¹³.
332 452 536 507 Altera
564 451 877 523 legatione,
911 468 986 506 an
1006 452 1048 482 ¹⁴
1092 451 1352 525 mitigari
1395 455 1648 523 possint,
1692 455 2090 525 experiamur.

99 544 189 599 Et
222 542 429 612 credo,
461 541 722 596 nondum
761 541 929 613 regis
969 555 1218 611 corpore
1258 542 1512 612 sepulte,
1555 542 1628 598 ad
1674 544 2006 612 praestanda
2038 544 2095 599 ei

94 634 287 706 justa
320 631 513 686 omnis
532 630 573 656 ¹⁵
611 645 748 685 esse
780 629 1064 685 coituroS.
1110 629 1277 695 Quod
1317 632 1390 690 ad
1430 646 1523 688 me
1566 631 1791 698 attinet,
1841 632 2093 694 reddere

100 724 241 777 hoc
269 719 584 789 imperium
612 718 764 776 malo
793 734 970 789 quam
999 733 1277 776 exercere
1303 719 1525 787 civium
1552 720 1850 791 sanguine
1876 736 1889 775 ε
1927 722 2005 785 et,
2038 721 2095 778 si

106 810 294 866 nulla
323 808 438 862 alia
467 807 796 866 concordiae
829 823 974 878 spes
1005 811 1117 875 est,
1155 823 1259 863 oro
1289 824 1631 879 quaesoque,
1670 809 1870 878 eligite
1914 809 2098 879 potio-

99 914 274 954 rem.
295 896 577 952 »Obortis
608 896 819 955 deinde
844 896 1128 965 lacrimis,
1161 897 1427 953 diadema
1454 898 1707 960 detrahit
1734 899 1933 969 capiti,
1956 898 2098 960 dex-

98 994 334 1053 teram,
365 1001 479 1055 qua
508 986 569 1042 id
595 986 851 1054 tenebat,
881 985 1267 1055 protendens,
1301 989 1383 1054 ut,
1417 987 1471 1044 si
1503 988 1641 1057 quis
1671 1004 1738 1042 se
1763 988 2096 1060 digniorem

18 1081 21 1084 ’
95 1075 525 1150 profiteretur,
556 1073 862 1144 acciperet.

181 1166 509 1235 Ingentem
556 1179 722 1233 spem
764 1163 1002 1230 indolis,
1038 1168 1172 1220 ante
1216 1179 1352 1224 eum
1395 1164 1551 1226 diem
1600 1165 1802 1228 fratris
1831 1166 2098 1224 claritate

100 1267 455 1326 oppressae,
487 1254 603 1308 tam
641 1252 943 1312 moderata
985 1250 1264 1308 excitavit
1300 1252 1507 1314 oratio.
1541 1252 1739 1323 ltaque
1770 1256 1966 1314 cuncti
2002 1255 2100 1311 in-

18 1334 21 1339 ’
99 1348 288 1399 stare
329 1344 641 1410 coeperunt
685 1343 765 1407 ut,
816 1356 947 1411 quae
986 1340 1299 1411 agitasset,
1329 1342 1575 1410 exsequi
1613 1342 1812 1396 vellet.
1844 1342 2099 1399 Eosdem

23 1427 29 1444 ⁸
97 1446 349 1488 rursus
378 1430 559 1500 legat,
590 1432 885 1501 petituros
915 1434 980 1484 ut
1002 1429 1365 1500 Meleagrum
1402 1431 1641 1488 tertium
1660 1431 1700 1458 ¹⁸
1741 1431 1951 1486 ducem
1997 1447 2101 1487 ac-

2149 456 2216 510 18

2149 633 2218 687 19

2151 898 2220 952 20

2153 1166 2214 1220 21

2155 1343 2223 1399 22

100 1520 423 1593 ciperent.
464 1517 637 1573 Haud
667 1535 825 1590 aegre
851 1519 909 1572 id
953 1520 1331 1588 impetratum
1383 1521 1493 1586 est,
1526 1534 1662 1573 nam
1706 1521 1762 1574 et
1808 1519 2099 1581 abducere
2154 1585 2158 1589 ‚

18 1615 25 1630 '
96 1611 483 1679 Meleagrum
512 1607 793 1666 Perdicca
825 1624 859 1672 a
887 1623 1028 1681 rege
1056 1607 1350 1678 cupiebat,
1383 1610 1444 1666 et
1461 1624 1645 1666 unum
1665 1607 1898 1672 duobus
1918 1607 2100 1679 impa-

21 1685 28 1718 ³
96 1716 251 1758 rem
271 1697 538 1756 futurum
568 1713 703 1753 esse
733 1697 1032 1765 censebat.
1051 1697 1256 1772 Igitur,
1274 1698 1567 1770 Meleagro
1599 1712 1727 1756 cum
1764 1696 2100 1769 phalange*

102 1787 373 1846 obviam
399 1802 665 1862 egreSSO,
694 1785 977 1846 Perdicca
1019 1785 1284 1858 equitum
1312 1785 1574 1848 turmas*
1604 1786 1959 1844 antecedens
1996 1802 2100 1848 oc,-

33 1897 34 1906 ¹
103 1875 338 1935 currit.
389 1874 717 1946 Utrumque
766 1890 999 1946 agmen,
1033 1876 1233 1940 mutua
1273 1874 1621 1938 salutatione
1659 1874 1831 1948 facta,
1865 1875 2001 1940 coit,
2036 1875 2096 1928 in

21 1996 33 2007 ν·
100 1965 501 2045 perpetuum¹
534 1966 598 2033 ut
635 1964 1101 2037 arbitrabantur,
1134 1963 1452 2024 concordia
1498 1967 1555 2025 et
1599 1978 1747 2039 pace
1788 1964 2094 2033 firmatafl.

926 2239 1174 2305 CAPUT
1204 2240 1305 2295 lx.

319 2410 515 2458 Revue.
547 2437 608 2445 —
636 2409 898 2472 Mealagre
932 2414 982 2456 et
1014 2422 1103 2457 ses
1135 2409 1401 2470 partisans
1435 2413 1556 2457 sont
1588 2407 1907 2457 massacres.

976 2544 1093 2602 (ate,
1122 2548 1248 2605 323.)

189 2730 318 2788 Sed
341 2728 469 2800 jam
495 2727 633 2782 fatis
663 2728 1129 2784 admovebantur
1165 2727 1549 2789 Macedonum
1579 2727 1745 2800 genti
1766 2725 1920 2795 bella
1949 2726 2100 2780 civi-

18 2899 19 2906 *
105 2826 222 2891 lia,
270 2835 411 2875 nam
441 2820 498 2873 et
527 2818 877 2873 insociabile
905 2821 998 2874 est
1028 2833 1282 2890 regnum
1313 2820 1369 2871 et
1409 2833 1443 2871 a
1480 2817 1754 2887 pluribus
1785 2816 2099 2887 expeteba-

108 2919 245 2969 tur.
279 2908 549 2964 Primum
578 2921 721 2977 crgo
754 2907 1028 2962 collisere
1065 2908 1245 2975 vireS,
1278 2904 1490 2961 deinde
1529 2906 1976 2976 disperserunt:
2019 2907 2096 2975 et,

176 3086 256 3133 12.
292 3085 418 3140 Spem
446 3085 700 3138 abrumpere
726 3094 842 3139 pour
870 3083 1146 3136 abscondere,
1181 3084 1377 3128 adimere
1399 3084 1519 3126 n’est
1546 3093 1631 3137 pas
1658 3081 1716 3125 de
1739 3080 1950 3135 l'epoque
1970 3082 2101 3125 §las-

105 3160 380 3257 suge-En
401 3209 756 3265 prosperantium
776 3214 848 3254 est
862 3209 907 3254 le
925 3202 1009 3255 fait
1027 3210 1281 3254 d'hommes
1305 3208 1387 3264 qui
1413 3212 1465 3253 se
1492 3206 1778 3262 precipitem
1796 3204 1822 3248 a
1838 3200 2091 3261 fagum-re.

177 3275 260 3318 14.
293 3272 586 3327 Experiamur
614 3284 689 3317 aa.
723 3273 809 3327 An,
839 3274 877 3316 si
907 3285 1019 3317 ne...
1049 3284 1155 3327 pas.
1186 3272 1259 3318 cf.
1294 3275 1451 3326 1V‚1x‚
1480 3274 1590 3314 note
1617 3271 1693 3314 34.

177 3342 259 3382 15.
295 3335 464 3380 Omnia.
499 3337 585 3378 Sur
611 3339 688 3379 cet
711 3336 953 3390 accusant)
984 3337 1048 3380 cf.
1081 3339 1152 3391 ΙΙΙ,
1176 3347 1266 3389 xn,
1288 3338 1396 3378 note
1417 3339 1459 3377 4.

176 3402 257 3444 16.
298 3398 512 3442 Tertiam.
539 3396 786 3441 Perdiccas
814 3402 861 3442 et
889 3399 1091 3443 Leonnat
1119 3401 1198 3441 ont
1218 3397 1299 3441 fait
1319 3408 1459 3440 cause
1488 3405 1757 3440 commune.
1789 3397 1841 3447 x,
1866 3402 1968 3445 vm,
1991 3398 2096 3437 4.-

107 3461 488 3568 Χ’1ζι.1’ἓ3·;ηαια
515 3532 574 3564 au
604 3520 846 3578 singulier,
872 3524 942 3568 les
959 3524 1081 3567 deux
1114 3522 1391 3568 substantifs
1424 3516 1694 3576 exprimant
1729 3528 1823 3563 une
1843 3516 1950 3562 idae
1974 3525 2090 3563 ana-

105 3594 291 3641 logue.
317 3585 393 3630 Cf.
415 3587 493 3641 111,
510 3594 575 3637 vi,
601 3587 710 3628 note
727 3586 802 3628 16.

2155 1700 2226 1754 23

2150 2918 2186 2973 to
