2517 3975
560 256 950 319 ms'romanuu
985 256 1324 297 Annnnnm
1361 259 1419 308 v,
1464 259 1563 297 vn.
1948 243 2050 298 145

151 361 272 428 apud
295 377 481 418 omnes
506 364 743 421 Graecos
773 366 1093 420 initurum⁴
1121 367 1369 439 gratiam
1405 367 1678 434 affirmat,
1711 367 1764 421 si
1792 354 2049 440 regiam'*

144 447 410 506 Persarum
448 452 730 525 jussisset
775 455 1009 510 incendi
1060 474 1072 509 :
1118 460 1463 526 exspectare
1489 455 1602 510 hoc
1640 472 1765 519 coe,
1797 473 2053 527 quorum

146 536 290 593 urbes
330 539 551 596 barbari
595 544 915 598 delessent.
964 544 1148 599 Ebrio
1188 551 1385 600 scorto
1420 545 1491 599 de
1530 549 1686 600 tanta
1722 562 1789 600 re
1827 545 2051 600 ferente

144 629 464 696 sententiam,
493 648 646 686 unus
678 635 733 686 et
772 633 936 700 alter,
970 635 1027 687 et
1058 632 1176 702 ipsi
1215 648 1377 687 mero
1423 633 1674 698 onerati,
1707 634 2053 688 assentiun-

142 714 225 768 tur.
255 717 370 771 Rex
397 735 621 792 quoque
650 721 884 775 avidior
914 719 1047 785 fuit,
1079 737 1255 790 quam
1294 721 1660 792 patientior⁶.
1707 743 1728 769 «
1755 721 1910 786 Quin
1937 720 2053 792 igi-

142 802 229 867 tur,
263 806 455 878 inquit,
481 810 831 864 ulciscimur
864 809 1151 864 Graeciam
1198 812 1253 865 et
1285 810 1420 864 urbi
1447 810 1608 866 faces
1637 809 1985 865 subdimus?
2028 832 2050 857 υ

141 889 312 948 Omnes
345 895 703 953 incaluerant
739 913 903 952 mero
948 916 961 952 ε
1013 899 1208 968 itaque
1253 907 1510 970 surgunt
1537 899 1843 953 temulenti
1871 897 1943 952 ad
1973 899 2058 952 in-

142 980 446 1039 cendendam
474 987 706 1051 urbem,
736 987 829 1040 cui
866 988 1074 1040 armati
1104 991 1525 1058 pepercerant.

193 1069 398 1128 Primus
427 1092 537 1130 rex
577 1079 776 1146 ignem
805 1075 1017 1147 regiae⁷
1048 1074 1273 1146 injecit,
1305 1079 1428 1130 tum
1459 1078 1728 1132 convivae
1770 1081 1827 1131 et
1857 1076 2062 1131 minis-

140 1158 199 1211 tri
219 1161 554 1234 pelicesque.
585 1165 765 1219 Multa
796 1165 970 1219 cedro
991 1165 1010 1191 ⁸
1049 1165 1336 1220 aedificata
1364 1169 1489 1220 erat
1519 1167 1705 1237 regia,
1729 1182 1881 1237 quae,
1914 1166 2063 1220 cele·

140 1246 253 1302 riter
275 1249 403 1319 igne
431 1257 737 1323 concept0‚
780 1254 896 1308 late
926 1253 1076 1307 fudit
1103 1254 1475 1309 incendium.
1513 1253 1683 1320 Quod
1707 1254 1808 1308 ubi
1837 1255 2065 1308 exerci-

140 1336 230 1404 tuS,
268 1342 357 1411 qui
399 1344 554 1398 haud
611 1344 817 1413 procul
863 1343 1013 1397 urbe
1054 1343 1344 1414 tendebat,
1385 1344 1719 1413 conspexit,
1762 1341 2069 1398 fortuitum
2122 1318 2157 1374 5

141 1433 292 1498 ratuS‚
318 1431 385 1485 ad
424 1449 603 1505 opem
631 1432 929 1487 ferendam
975 1433 1294 1487 concurrit.
1335 1432 1452 1487 Sed
1494 1436 1558 1486 ut
1604 1432 1677 1486 ad
1707 1431 2070 1487 vestibulum

142 1517 289 1586 regiae
313 1525 550 1576 ventum
598 1524 705 1589 est,
738 1522 941 1576 vident
983 1537 1187 1592 regem
1218 1522 1413 1590 ipsum
1450 1521 1642 1576 adhuc
1680 1521 2070 1593 aggerentem

143 1600 280 1659 faces.
310 1608 540 1665 Omissa
575 1610 779 1682 igitur,
821 1626 997 1681 quam
1042 1613 1446 1681 portaverant,
1488 1626 1659 1681 aqua,
1700 1609 1829 1682 igni
1877 1612 2074 1679 aptam

141 1696 398 1752 materiem
427 1701 490 1753 in
519 1699 864 1754 incendium
888 1699 1092 1770 jacere
1123 1703 1451 1769 coeperunt.
1491 1698 1664 1757 Hunc
1703 1699 1926 1753 exitum
1963 1698 2072 1752 ha-

140 1778 240 1835 buit
262 1787 451 1858 regia⁹
479 1788 666 1843 totius
707 1787 992 1855 Orientis,
1024 1788 1179 1841 unde
1212 1790 1296 1842 tot
1325 1792 1536 1859 gentes
1566 1791 1735 1842 antea
1758 1786 1895 1857 jura
1913 1790 2073 1857 pete-
2133 1766 2168 1820 8

137 1867 267 1940 bant,
320 1878 505 1945 patria
559 1879 646 1932 tot
691 1891 922 1947 regum,
980 1878 1193 1930 unicus
1246 1875 1543 1946 quondam
1590 1875 1830 1931 Graeciae
1860 1879 2073 1944 terror,

136 1960 302 2017 molita
329 1966 487 2022 mille
535 1965 778 2021 navium
829 1967 1081 2022 classem
1131 1969 1190 2021 et
1228 1966 1545 2032 exercituS‚
1578 1966 1792 2035 quibus
1839 1964 2079 2035 Europa

135 2036 378 2109 inundata
405 2061 518 2126 est,
553 2056 927 2110 contabulato
959 2056 1109 2109 mari
1129 2055 1388 2110 molibus
1406 2055 1465 2124 ¹⁰,
1490 2054 1896 2124 perfossisque
1915 2068 2084 2107 mon-

136 2135 334 2212 tibus¹¹,
393 2146 454 2200 in
515 2160 771 2215 quorum
826 2161 1042 2217 specus
1088 2144 1307 2199 fretum
1346 2144 1683 2197 immissum
1721 2146 1839 2199 est.
1874 2143 1959 2196 Ac
2008 2158 2082 2196 ne

134 2226 231 2281 tam
253 2231 420 2305 longa
442 2234 683 2305 quidem
714 2237 900 2300 aetate,
937 2250 1067 2303 quae
1097 2232 1427 2287 exscidium
1456 2231 1592 2302 ejus
1613 2234 1814 2287 secuta
1848 2234 1957 2300 est,
1991 2246 2087 2284 re-
2142 2211 2177 2267 9

136 2322 381 2376 surrexit.
416 2323 587 2377 Alias
617 2322 800 2377 urbes
828 2322 1090 2377 habuere
1113 2321 1503 2376 Macedonum
1532 2337 1729 2393 regeS,
1761 2336 1911 2391 quas
1932 2335 2087 2373 nunc

134 2401 321 2464 habent
372 2410 580 2464 Parthi
599 2410 639 2437 ¹²
686 2428 699 2463 ε
757 2409 937 2481 hujus
993 2411 1319 2481 vestigium
1349 2426 1465 2464 non
1506 2408 2089 2473 inveniretur¹³‚nisl

2114 962 2150 1016 5

2113 1497 2161 1550 -7

174 2532 211 2571 4·
241 2531 467 2585 luiturum,
498 2534 668 2589 ellipse
696 2533 758 2578 du
780 2533 905 2588 sujet
934 2533 991 2578 de
1012 2533 1057 2576 13
1083 2533 1378 2590 proposition
1408 2532 1635 2576 infinitivo
1662 2545 1778 2577 eum.

154 2595 210 2692 ¹5.
239 2595 437 2652 Beatam,
467 2598 687 2652 capitale,
730 2596 968 2640 residence
1011 2598 1183 2651 royale.
1239 2598 1300 2639 Ce
1348 2606 1459 2640 sens
1490 2596 1609 2640 n'est
1653 2606 1737 2651 pas
1775 2596 1834 2639 de
1875 2596 2091 2653 l’epoque

134 2657 357 2712 cassique.

172 2719 210 2760 6.
240 2720 423 2766 Avidior
439 2733 567 2778 quam
584 2720 848 2777 patienlt'or.
882 2721 1084 2775 Avidior,
1103 2721 1237 2764 avide
1266 2720 1325 2764 de
1353 2732 1646 2776 vengeance.
1674 2720 1941 2776 Patientior,
1963 2722 2043 2777 qui
2067 2735 2093 2765 a

131 2774 174 2819 de
197 2779 400 2838 l'empire
451 2796 537 2828 sur
566 2785 834 2828 lui-meme.
869 2785 1133 2827 Alexandre
1175 2783 1332 2826 donna
1368 2795 1435 2826 un
1478 2784 1596 2827 libre
1633 2794 1773 2827 cours
1803 2784 1829 2826 a
1876 2796 1926 2828 sa
1970 2796 2085 2829 ven-

135 2850 285 2891 8eance
315 2858 378 2891 au
406 2848 506 2890 lieu
526 2846 585 2889 de
615 2857 665 2889 se
685 2845 919 2891 contenir.

175 2912 214 2951 7.
246 2906 411 2962 Reqiae,
430 2909 511 2962 ici,
540 2909 587 2953 le
615 2909 782 2962 palais.
1492 2927 1498 2939 =
1694 2945 1705 2958 ,

171 2972 210 3012 8.
243 2969 382 3015 Multa
412 2971 566 3015 cedro.
595 2973 656 3014 Ce
685 2970 917 3023 singulier
944 2970 1209 3025 appartient
1237 2969 1324 3013 ala
1345 2971 1512 3025 langue
1541 2970 1776 3027 poetique.

173 3034 216 3074 9.
247 3033 404 3086 Reqia,
436 3033 496 3076 ici
527 3044 705 3077 comme
732 3033 822 3087 553,
848 3034 1071 3089 capitale.

176 3097 235 3137 10.
265 3096 556 3140 contabulato
585 3097 702 3139 mari
730 3095 933 3139 molibus.
969 3100 1029 3139 Le
1050 3100 1164 3151 pont
1201 3095 1259 3140 de
1289 3096 1493 3140 bateaux
1524 3096 1754 3140 construit
1781 3106 1866 3140 sur
1893 3097 2101 3141 l'Helles-

137 3161 251 3206 pont.

183 3223 248 3263 11.
282 3219 520 3272 Persoaais
538 3220 771 3273 montibus,
804 3219 846 3263 le
872 3225 1002 3263 mont
1021 3221 1184 3265 Athos.

182 3284 244 3324 12.
274 3283 462 3326 Parthi.
493 3285 577 3326 Les
624 3283 1050 3336 Parthes,·soumis
1079 3285 1346 3337 longtemps
1393 3294 1496 3330 aux.
1532 3287 1697 3327 Perses
1735 3284 1841 3337 puis
1874 3295 1971 3328 aux
2010 3285 2101 3329 τοίς

138 3350 251 3392 grecs
280 3344 339 3388 de
368 3344 521 3396 Syrie,
574 3355 625 3388 se
661 3344 946 3387 revolterent
975 3355 1086 3387 vers
1125 3345 1169 3389 le
1197 3344 1357 3387 milieu
1385 3344 1447 3387 du
1487 3354 1564 3388 1110
1595 3345 1739 3388 siecle
1779 3351 1919 3404 avant
1943 3346 2102 3389 ,lesus-

142 3404 276 3449 Christ
304 3413 356 3451 et
404 3407 653 3450 tonderent
694 3413 826 3449 entre
867 3406 1134 3459 l’Euphrate
1166 3411 1215 3449 et
1259 3405 1429 3449 l‘lndus
1470 3418 1535 3449 un
1562 3413 1698 3449 vaste
1726 3407 1903 3462 empire
1946 3413 2103 3451 contre

146 3460 279 3520 lequel
308 3474 457 3513 Rome
486 3474 564 3514 eut
611 3468 638 3511 3
678 3470 824 3512 lutter
851 3468 932 3511 des
963 3469 1009 3511 la
1052 3468 1118 3511 fin
1173 3468 1230 3511 de
1268 3468 1313 3510 la
1357 3467 1647 3523 republique.
1686 3471 1775 3511 Sur
1829 3469 2039 3523 l'epoque
2076 3466 2102 3509 ὲ

149 3525 328 3583 laquelle
348 3529 689 3584 vivait'Quinte
718 3534 883 3582 curce,
912 3531 975 3575 cf.
1011 3532 1057 3573 la
1078 3532 1243 3574 notice.

186 3595 252 3637 13.
294 3594 540 3649 Vestiqt‘um
561 3605 645 3637 non
666 3594 959 3638 inveniretur.
989 3593 1060 3636 Cf.
1092 3604 1174 3637 sur
1189 3594 1468 3648 Persepolis,
1497 3598 1545 3644 v,
1578 3605 1641 3645 vl,
1670 3597 1779 3634 note
1797 3599 1835 3636 ¹.

1892 3670 1923 3715 9
