2517 3975
593 257 984 295 fflS‘romARUM
1022 257 1357 296 AnsxAnnm
1396 257 1476 307 vi,
1519 256 1582 293 11.
1969 231 2071 292 167

137 368 410 438 conspexit
452 367 814 422 maestiorem
861 383 1037 438 quam
1081 370 1332 432 ceterae,
1366 369 1423 422 et
1450 365 1911 437 producentibus
1941 380 2069 419 eam

135 454 438 509 verecunde
493 455 897 512 reluctantem.
942 455 1255 511 Excellens
1296 458 1422 510 erat
1459 454 1666 518 forma,
1720 455 1776 507 et
1820 453 2070 508 formam

133 543 293 611 pudor
337 543 711 598 honestabat.
770 544 1032 615 Dejectis
1080 545 1392 600 interram
1437 542 1642 609 oculiS‚
1679 545 1753 608 et,
1784 545 2068 613 quantum

134 632 333 702 licebat,
380 648 486 688 ore
540 633 758 699 velato,
799 634 1205 703 suspicionem
1238 633 1494 704 praebuit
1547 633 1677 704 regi
1715 631 2068 687 nobiliorem

135 736 247 776 esse
273 736 445 792 quam
479 724 543 776 ut
571 722 726 776 inter
757 722 1098 777 convivales
1138 723 1314 778 ludos
1341 722 1578 777 deberet
1605 721 1860 776 ostendi.
1905 721 2066 790 Ergo

133 809 466 882 interrogata
492 827 760 882 quaenam
792 814 977 879 esset,
1021 812 1246 882 neptim
1279 827 1346 866 se
1385 812 1548 878 Ochi,
1594 811 1695 881 qui
1744 825 1937 879 nuper
1968 825 2067 864 re-

134 903 347 967 gnasset
367 898 385 924 ⁷
423 899 486 952 in
528 898 754 968 Persis,
787 899 908 955 filio
941 899 1074 970 ejus
1105 900 1366 971 genitam
1400 915 1538 954 esse
1567 898 1891 968 respondit,
1924 913 2067 953 uxo-

133 1002 233 1042 rem
263 988 575 1058 Hystaspis
621 987 839 1044 fuisse.
890 989 1265 1060 Propinquus
1293 989 1388 1042 hic
1418 988 1584 1042 Darii
1612 988 1823 1055 fuerat,
1864 987 2066 1058 magni

134 1077 309 1147 etipse
330 1077 628 1132 exercitus
645 1081 869 1148 praetor
887 1078 926 1131 *.
957 1077 1162 1132 Adhuc
1191 1078 1253 1132 in
1286 1078 1476 1132 animo
1497 1077 1663 1147 regis
1690 1080 1901 1131 tenues
1931 1076 2067 1130 reli-

135 1165 261 1233 quiae
287 1165 524 1236 pristini
560 1168 745 1221 moris
774 1166 1095 1224 haerebant.
1127 1167 1328 1238 Itaque
1356 1167 1652 1223 fortunam
1679 1166 1849 1236 regia
1877 1167 2062 1236 stirpe

131 1255 320 1322 genitae
347 1258 404 1310 et
430 1259 549 1309 tam
588 1255 820 1311 celebre
869 1272 1080 1312 nomen
1105 1257 1365 1328 (neptem
1393 1256 1562 1327 Ochi)
1599 1256 1912 1322 reveritus,
1943 1271 2063 1309 non

130 1341 314 1399 dimitti
339 1344 512 1399 modo
543 1344 854 1414 captivam,
898 1345 1003 1399 sed
1035 1346 1210 1399 etiam
1241 1345 1475 1401 restitui
1505 1346 1559 1398 ei
1588 1360 1730 1401 suas
1759 1359 1905 1413 opes
1929 1343 2062 1415 jus-

131 1432 209 1502 sit,
239 1434 425 1488 virum
454 1449 685 1506 quoque
711 1434 954 1505 requiri,
986 1438 1048 1488 ut
1068 1438 1301 1504 reperto
1330 1437 1653 1505 conjugem
1681 1432 1985 1491 redderet.

185 1522 417 1578 Postero
451 1525 644 1577 autem
689 1523 803 1588 die,
846 1524 1126 1593 praecepit
1158 1522 1570 1592 Hephaestioni
1600 1526 1662 1577 ut
1691 1537 1898 1575 omnes
1930 1537 2064 1593 cap-

132 1610 260 1666 tivos
284 1613 345 1666 in
392 1613 626 1684 regiam
668 1612 904 1680 juberet
941 1612 1170 1667 adduci.
1214 1613 1323 1680 Ibi,
1357 1614 1730 1684 singulorum
1761 1612 2063 1666 nobilitate

129 1702 382 1770 spectata,
406 1700 664 1757 secrevit
691 1717 724 1754 a
754 1701 937 1772 vulgo
950 1702 1232 1772 quorum⁸
1260 1702 1553 1757 eminebat
1579 1717 1786 1774 genus.
1813 1699 1974 1754 Mille
2003 1700 2064 1754 hi

126 1784 334 1845 fuerunt
361 1808 373 1843 ε
406 1791 563 1845 inter
592 1806 739 1861 quos
757 1794 1030 1861 repertus
1050 1796 1139 1846 est
1169 1790 1485 1861 OxathreS‚
1518 1792 1684 1846 Darii
1713 1791 1916 1858 frater,
1948 1804 2062 1844 non

122 1873 261 1932 illius
304 1878 559 1944 fortuna,
611 1894 786 1950 quam
832 1880 1031 1934 indole
1078 1881 1258 1934 animi
1298 1881 1392 1934 sui
1421 1881 1657 1935 clarior.
1703 1894 1850 1934 xxv1
1878 1880 2062 1933 millia

62 2005 63 2008 η
119 1964 450 2022 talentum⁰*
469 1968 738 2039 proxima
759 1968 961 2040 praeda
978 1969 1213 2024 redacta
1243 1973 1411 2025 erant
1436 1989 1448 2023 ;
1473 1987 1504 2026 e
1533 1970 1668 2041 quis
1683 1969 1723 1998 ¹⁰
1753 1968 2060 2024 duodecim

116 2054 282 2111 millia
309 2059 370 2113 in
407 2058 776 2129 congiarium
796 2058 816 2079 *
846 2058 1098 2113 militum
1127 2060 1435 2130 absumpta
1464 2061 1622 2115 sunt.
1656 2059 1773 2113 Par
1801 2058 1936 2113 huic
1968 2074 2064 2127 pe-

118 2145 291 2200 cuniae
315 2162 546 2204 summa
575 2146 885 2202 custodum
911 2146 1117 2201 fraude
1147 2148 1449 2202 subtracta
1480 2150 1589 2201 est.
1624 2147 1919 2218 Oxydates
1939 2148 2062 2200 erat

114 2232 327 2289 nobilis·
352 2236 596 2304 PerseS,
639 2235 757 2306 qui,
792 2251 825 2288 a
861 2236 1042 2289 Dario
1074 2236 1325 2306 -capitali
1372 2236 1662 2307 supplicio
1708 2235 2058 2303 destinatuS‚

116 2321 485 2378 cohibebatur
532 2325 593 2377 in
638 2325 944 2378 vinculis:
1006 2324 1143 2379 huic
1186 2325 1436 2379 liberato
1486 2328 1819 2395 satrapeam
1853 2324 2060 2378 Mediae

116 2411 392 2467 attribuit:
425 2413 785 2483 fratremque
813 2413 977 2468 Darii
1007 2412 1225 2484 recepit
1256 2415 1319 2467 in
1348 2414 1645 2469 cohortem
1678 2414 2058 2478 amicorum*‚

114 2500 255 2553 omni
284 2505 533 2556 vetustae
562 2501 849 2556 claritatis
879 2502 1107 2557 honore
1137 2503 1391 2558 servato.

172 2587 312 2645 Hinc
365 2592 426 2645 in
483 2591 844 2646 Parthienen
871 2591 907 2617 ¹¹
958 2594 1307 2661 perventum
1374 2595 1483 2659 est,
1535 2595 1676 2646 tunc
1728 2592 2057 2664 ignobilem

111 2679 342 2747 gentem,
373 2694 531 2733 nunc
552 2679 590 2705 ¹²
620 2682 795 2749 caput
834 2679 1114 2748 omnium,
1153 2680 1275 2749 qui,
1316 2684 1451 2750 post
1488 2680 1849 2750 Euphratem
1877 2682 1934 2735 et
1962 2681 2057 2734 Ti-

109 2765 242 2831 grim
270 2783 476 2822 amnes
506 2768 627 2837 siti,
659 2768 839 2824 rubro
888 2768 1037 2822 mari
1066 2769 1107 2796 ¹⁸
1144 2770 1558 2823 terminantur.
1594 2768 1827 2839 Scythae
1855 2770 2057 2840 regio-

110 2866 227 2908 nem
255 2860 640 2927 campestrem
680 2873 747 2911 ac
776 2857 1030 2913 fertilem
1061 2861 1518 2929 occupaverunt,
1555 2875 1774 2932 graves
1807 2860 1997 2914 adhuc
2016 2859 2057 2886 ¹⁴

148 3089 188 3128 ’1.
216 3086 464 3143 Hennaeae,
495 3099 577 3131 sur
605 3099 659 3132 ce
690 3088 960 3145 sabionem,
982 3088 1042 3133 cf.
1060 3088 1135 3142 111,
1164 3098 1215 3143 n,
1241 3094 1349 3134 note
1372 3087 1440 3134 27.

149 3151 187 3189 8.
212 3149 412 3205 Quorum,
436 3150 604 3205 ellipse
629 3152 686 3194 de
715 3150 1030 3195 l'antecedent
1058 3152 1180 3196 illos.

147 3211 186 3250 9.
216 3212 452 3268 Talentum,
482 3224 564 3256 sur
592 3225 647 3257 ce
678 3214 860 3268 genitis,
892 3215 955 3257 cs.
990 3214 1064 3265 111,
1087 3226 1194 3268 xm,
1214 3220 1323 3259 note
1354 3219 1425 3262 13.

147 3275 212 3316 10.
244 3276 347 3326 Quis
376 3287 559 3320 comme
577 3277 747 3331 quibus.
777 3278 842 3321 Ct'.
875 3281 945 3328 111,
972 3289 1022 3329 ιι,
1046 3282 1154 3321 note
1181 3286 1222 3325 a.

151 3337 213 3377 li.
241 3337 523 3383 Parthienen.
548 3342 608 3382 La
636 3339 897 3391 Parthiene,
934 3339 1118 3383 district
1148 3341 1203 3384 de
1229 3340 1371 3385 l‘Asie
1403 3340 1685 3394 emanente,
1716 3342 1830 3384 dans
1862 3339 1907 3383 le
1936 3337 2051 3383 nord

106 3392 157 3435 du
184 3397 357 3448 plateau
386 3402 444 3445 de
461 3401 620 3445 l’lran:
645 3402 805 3455 region
834 3413 928 3455 peu
954 3401 1129 3457 fertile,
1158 3403 1289 3447 riche
1320 3405 1584 3448 seulement
1608 3416 1666 3446 en
1697 3404 1912 3457 prairies.

151 3461 215 3502 Η.
245 3464 374 3514 Nunc,
405 3464 604 3509 allusion
629 3476 690 3506 au
715 3470 863 3517 temps
884 3464 943 3507 ou
972 3465 1040 3507 vit
1055 3466 1224 3517 Quinte
1248 3469 1415 3510 curce.
1445 3466 1517 3514 Cl‘.
1551 3467 1596 3510 le,
1626 3467 1830 3520 preraoo.

158 3522 212 3562 13.
237 3524 376 3570 Rubro
404 3528 540 3579 mari,
570 3529 615 3569 le
643 3527 767 3580 goll'e
798 3528 1036 3581 Persique.
1061 3527 1132 3573 Cf.
1161 3532 1229 3579 ΙΙΙ,
1256 3540 1308 3584 ιι,
1327 3533 1435 3573 note
1464 3533 1537 3575 ¹4.

162 3581 218 3627 14.
245 3589 404 3643 Adhuc,
428 3589 575 3633 meme
606 3588 805 3633 allusion
837 3588 942 3643 qu'a
971 3601 1097 3636 nunc.

2119 1881 2187 1935 10

2118 2150 2180 2204 11

2113 2597 2222 2663 12,

2112 2778 2179 2832 13
