2517 3975
576 239 967 278 111s‘romAnma
1001 239 1334 279 Amxlmnm
1369 241 1496 292 vm,
1537 241 1616 280 1x.
1992 220 2099 276 293

124 346 385 402 inhabili
410 348 669 419 pondere
699 350 998 403 oneratur.
1031 348 1320 402 Breviora
1339 347 1379 375 ⁴¹
1407 347 1620 415 itinera
1650 361 1802 417 equo
1830 345 2093 400 conficitz

125 436 368 508 longior
398 437 500 491 ubi
533 437 824 507 expeditio
863 441 972 503 est,
1005 436 1298 506 elephanti
1328 436 1548 491 vehunt
1588 451 1848 500 currum,
1883 438 1939 489 et
1967 438 2099 488 tan-

125 530 323 580 tarum
353 512 661 580 beluarum
689 543 940 596 corpora
978 529 1095 580 tota
1134 528 1452 597 contegunt
1489 540 1662 580 auro,
1698 526 1805 590 Ac,
1846 540 1922 578 ne
1960 523 2101 595 quid

126 615 382 686 perditis
436 615 707 670 moribus
763 616 947 681 desit,
997 615 1223 669 lecticis
1249 615 1272 636 *
1313 614 1512 667 aureis
1569 613 1823 681 pelicum
1878 611 2100 684 longus

129 706 279 759 ordo
332 706 645 774 sequitur:
690 706 1027 774 separatum
1071 720 1104 757 a
1149 704 1373 775 reginae
1416 702 1677 757 ordine⁴⁸
1720 716 1935 773 agmen
1975 704 2090 768 est,

130 797 444 864 aequatque
494 795 809 848 luxuriam.
861 793 1122 847 Feminae
1177 791 1383 863 epulas
1438 793 1664 861 parant.
1706 791 1793 845 Ab
1842 790 2032 844 isdem
2059 792 2101 819 ⁴⁴

130 883 343 936 vinum
386 884 785 949 ministratur,
815 881 989 953 cujus
1028 882 1310 936 omnibus
1343 880 1508 934 Indis
1544 880 1750 951 largus
1788 880 1881 933 est
1915 895 2091 937 usus,

130 974 364 1042 Regem
391 987 558 1026 mero
583 987 912 1041 somnoque
945 971 1202 1041 sopitum
1239 971 1298 1022 in
1329 969 1663 1023 cubiculum
1693 969 1913 1039 pelices
1938 968 2101 1044 refe-f

132 1064 293 1127 runt,
325 1060 518 1130 patrio
550 1060 808 1114 carmine
839 1060 1096 1114 noctium
1124 1059 1471 1112 invocantes
1510 1058 1677 1111 deos,

203 1147 356 1217 Quis
392 1148 595 1203 credat
632 1150 788 1203 inter
813 1149 938 1202 haec
971 1148 1112 1201 vitia
1141 1162 1345 1201 curam
1366 1161 1500 1199 esse
1522 1144 1828 1215 sapientiae
1848 1144 1878 1201 ⁶?
1903 1145 2102 1200 Unum

132 1239 379 1309 agreste
422 1240 480 1290 et
525 1237 830 1291 horridum
877 1252 1072 1308 genus
1113 1238 1223 1303 est,
1271 1233 1427 1302 quod
1464 1235 1768 1305 sapientes
1788 1235 1829 1262 ⁴³
1868 1239 2097 1290 vocant.

133 1326 310 1398 Apud
331 1325 466 1392 hos,
490 1340 778 1397 occupare
808 1325 915 1379 fati
936 1325 1091 1379 diem
1119 1323 1457 1394 pulchrum;
1481 1326 1538 1377 et
1554 1324 1728 1376 vivos
1758 1339 1823 1378 se
1852 1324 2103 1378 cremari

127 1415 363 1483 jubent,
413 1414 631 1484 quibus
676 1418 776 1469 aut
818 1415 1028 1486 segnis
1069 1415 1216 1468 aetas
1265 1420 1363 1466 aut
1409 1412 1782 1467 incommoda
1828 1412 2099 1466 valetudo

133 1507 244 1558 est.
289 1502 708 1572 Exspectatam
755 1505 1009 1557 mortem
1056 1518 1163 1573 pro
1206 1502 1496 1556 dedecore
1527 1500 1668 1554 vitae
1707 1499 1953 1570 habent,
1997 1516 2102 1554 nec

131 1592 297 1646 ullus
329 1590 705 1661 corporibus,
743 1607 874 1661 quae
912 1593 1182 1646 senectus
1222 1589 1423 1658 solvit,
1453 1589 1646 1642 honos
1667 1588 1965 1643 redditur:
2003 1589 2101 1642 in-

135 1681 380 1751 quinari
417 1682 623 1749 putant
659 1681 881 1752 ignem,
913 1679 1028 1733 nisi
1069 1680 1170 1750 qui
1209 1680 1507 1749 spirantes
1533 1678 1771 1748 recipit.
1807 1677 1975 1745 llli⁴⁰,
2004 1679 2103 1748 qui

135 1770 200 1822 in
229 1767 492 1822 urbibus
516 1768 776 1838 publicis
801 1768 1071 1822 moribus
1090 1768 1130 1795 ⁴⁷
1159 1768 1395 1837 degunt,
1426 1767 1689 1821 siderum
1727 1769 1925 1820 motus
1959 1767 2103 1820 scite

138 1860 415 1928 spectare
445 1857 739 1927 dicuntur,
770 1862 827 1912 et
861 1856 1056 1912 futura
1090 1855 1434 1927 praedicere.
1470 1856 1593 1909 Nec
1622 1870 1973 1926 quemquam
2001 1856 2103 1909 ad-

135 1958 388 2000 movere
420 1944 522 1998 leti
559 1944 711 1999 diem
758 1945 1026 2010 credunt,
1060 1945 1153 1999 cui
1202 1945 1546 2014 exspectare
1592 1942 1862 1997 interrito
1901 1942 2096 2000 liceat.

136 2033 296 2088 Deos
341 2035 569 2103 putant,
622 2034 904 2105 quidquid
947 2035 1143 2088 colere
1190 2035 1517 2102 coeperunt,
1550 2032 1793 2086 arbores
1831 2032 2103 2098 maxime,

136 2139 288 2194 quas
318 2123 549 2176 violare
586 2123 798 2193 capital
836 2127 945 2177 est.
980 2121 1278 2177 Menses⁴⁸
1297 2122 1359 2174 in
1380 2121 1593 2190 quinos
1618 2120 1806 2174 denos
1836 2120 2105 2190 descrip-

136 2214 352 2265 serunt
382 2211 545 2275 dies3
578 2210 757 2264 anni*
787 2210 957 2281 plena
988 2210 1182 2281 spatia
1214 2213 1550 2262 servantur.
1583 2208 1767 2261 Lunae
1797 2223 1975 2262 cursu
2002 2223 2108 2262 no-

132 2303 260 2355 tant
292 2304 586 2372 tempora,
626 2316 766 2370 non,
797 2302 858 2354 ut
882 2300 1177 2371 plerique,
1212 2313 1344 2352 cum
1374 2298 1580 2352 orbem
1618 2297 1787 2350 sidus
1817 2297 2106 2366 implevit,

133 2389 242 2444 sed
270 2405 405 2444 cum
435 2404 503 2442 se
543 2403 788 2442 curvare
825 2389 999 2458 coepit
1028 2388 1090 2440 in
1129 2402 1351 2441 cornua
1370 2385 1428 2453 ⁴⁹,
1466 2391 1523 2439 et
1556 2385 1775 2440 idcirco
1795 2386 2109 2441 breviores

134 2478 359 2533 habent
398 2493 658 2549 menseS,
691 2479 825 2548 quia
869 2477 1122 2547 spatium
1161 2491 1366 2530 eorum
1409 2474 1479 2529 ad
1510 2474 1665 2528 hunc
1692 2474 1849 2529 lunae
1870 2474 2109 2529 modum

136 2567 428 2638 dirigunt.
470 2566 651 2620 Multa
700 2569 758 2620 et
804 2567 918 2620 alia
956 2565 1287 2631 traduntur,
1317 2563 1535 2635 quibus
1579 2563 1797 2618 morari
1837 2563 2107 2618 ordinem

133 2672 336 2711 rerum
376 2655 532 2711 haud
570 2671 714 2710 sane
753 2670 952 2727 operae
978 2654 1311 2709 videbatur.

186 2873 264 2914 ⁴2.
297 2869 532 2914 Breviora.
569 2866 663 2921 Cf„
692 2878 775 2911 sur
795 2877 852 2910 ce
888 2865 1182 2919 comparatif,
1209 2868 1280 2918 IV,
1308 2874 1373 2918 vx,
1400 2869 1508 2908 note
1535 2867 1609 2908 11.

188 2929 263 2975 43.
301 2930 464 2974 Ordine
492 2940 672 2972 comme
701 2928 842 2982 turba,
875 2938 1036 2981 areae.

186 2992 264 3036 ΛΔ.
295 2992 464 3036 Isdem.
500 2991 571 3036 Cf.
606 2994 657 3045 V,
681 3001 783 3045 xm,
812 2994 922 3033 note
946 2999 989 3035 ’1.

191 3059 267 3101 45,
300 3053 556 3109 Sapientes.
588 3056 675 3096 Les
700 3052 878 3096 Fakirs.

190 3122 277 3188 ⁴⁶2
299 3116 402 3160 lui.
436 3119 522 3159 Les
548 3116 846 3169 Brahmanes,
875 3114 955 3170 qui
981 3118 1089 3158 sont
1117 3124 1174 3155 au
1200 3112 1405 3166 premier
1429 3124 1545 3168 tang
1569 3113 1652 3158 des
1682 3114 1907 3168 hommes,
1924 3113 2107 3168 d'apres

137 3180 280 3286 18ΑέοῘ
302 3179 722 3284 ggbgggossorim
748 3251 925 3283 comme
951 3237 1184 3283 secundum
1210 3237 1411 3292 publicos
1438 3250 1594 3288 mores,
1628 3239 1707 3294 qui
1738 3238 1899 3283 vivent
1925 3251 2105 3283 comme

142 3303 702 3420 mig-lzffigcebhaque
731 3367 845 3409 mois
873 3364 988 3407 etait
1013 3362 1162 3408 divise
1181 3373 1240 3406 en
1257 3362 1388 3407 deux
1413 3363 1706 3419 quinzaineS.

197 3427 272 3474 49.
307 3426 495 3472 curvare
518 3426 567 3471 in
595 3437 769 3475 cornua.
794 3425 1035 3481 poetique.

2150 346 2223 403 29

2155 789 2226 846 30

2153 1146 2221 1202 31

2157 1678 2229 1734 33

2159 2120 2231 2174 85

2160 2209 2232 2264 36

2160 2562 2231 2618 37
