2517 3975
585 210 978 251 msa-ommim
1010 210 1346 250 nannum
1385 212 1466 262 ix,
1510 215 1591 251 xx.
1968 197 2074 253 347

69 319 256 375 malo
290 319 540 386 attoniti,
579 323 917 375 recurrunt.
958 318 1073 376 Sed
1115 320 1178 373 in
1218 320 1469 374 tumultu
1509 320 1806 377 festinatio
1839 338 2073 395 quoque

69 407 270 462 tarda
317 410 425 461 est.
480 407 558 460 Hi
604 406 836 461 contis*
878 409 1124 477 navigia
1170 408 1501 477 pellebant3
1549 410 1638 475 hi,
1680 410 1819 464 dum
1872 427 2073 466 remos

74 495 290 566 aptari
332 494 696 564 probabant,
746 495 1198 551 consederant¹¹⁵
1232 511 1245 549 :
1280 496 1536 566 quidam,
1571 500 1883 569 enavigare
1929 517 2073 570 pro-

71 587 402 655 peranteS,
438 582 586 657 [sed]
615 600 735 638 non
775 584 1138 654 exspectatis
1166 584 1324 655 qui¹⁰
1369 585 1547 639 simul
1585 602 1720 640 esse
1758 587 2072 655 debebant,

76 673 312 729 clauda
368 676 426 727 et
478 673 763 727 inhabilia
819 674 1061 745 navigia
1115 673 1393 744 languide
1439 675 1837 730 moliebantur
1879 691 1889 729 :
1943 677 2072 732 aliae

77 763 348 818 navium
385 763 720 817 inconsulte
746 764 994 817 ruentes
1028 777 1150 818 non
1191 767 1540 833 receperant
1558 763 1621 831 ¹¹¹,
1649 764 1988 834 pariterque
2015 769 2072 819 et

74 851 411 907 multitudo
442 857 496 906 et
524 853 789 922 paucitas
808 851 850 879 ¹⁸
877 851 1227 906 festinantes
1257 852 1614 908 morabatur.
1649 852 1901 920 Clamor,
1933 853 2070 907 hinc

81 943 470 1012 exspectare,
501 940 640 994 hinc
667 941 757 994 ire
781 940 1146 1011 jubentium,
1165 940 1546 1011 dissonaeque
1570 956 1750 995 voces
1779 928 2069 1012 nusquam

77 1029 258 1084 idem
284 1032 457 1099 atque
496 1045 676 1083 unum
713 1027 1072 1083 tendentium
1092 1029 1153 1097 ¹⁸,
1185 1043 1308 1082 non
1339 1030 1645 1083 oculorum
1671 1029 1843 1084 modo
1873 1046 2071 1095 usum,

81 1118 207 1173 Sed
230 1118 405 1172 etiam
435 1119 666 1171 aurium
699 1117 1083 1172 abstulerant.
1108 1116 1193 1170 Ne
1215 1116 1278 1169 in
1307 1117 1805 1187 gubernatoribus
1836 1120 2071 1188 quidem

77 1208 413 1278 quicquam
443 1207 577 1277 opis
609 1210 753 1272 erat,
782 1221 1034 1276 quorum
1063 1220 1173 1260 nec
1200 1205 1473 1259 exaudiri
1501 1221 1621 1260 vox
1649 1222 1683 1259 a
1710 1208 2072 1262 tumultuan-

81 1295 260 1350 tibus
288 1296 535 1365 poterat,
569 1311 679 1349 nee
708 1295 1021 1364 imperium
1051 1310 1086 1347 a
1115 1293 1345 1348 territis
1381 1293 1915 1366 incompositisque
1939 1312 2072 1352 ser-

80 1383 252 1437 vari.
292 1382 452 1454 Ergo
490 1383 688 1437 collidi
727 1384 882 1437 inter
920 1398 986 1436 se
1033 1396 1218 1436 naves
1238 1380 1285 1448 *,
1326 1380 1775 1450 abstergerique
1813 1383 2069 1438 invicem

81 1472 272 1541 remi,
311 1473 366 1524 et
411 1471 512 1524 alii
557 1471 812 1524 aliorum
853 1469 1098 1541 navigia
1138 1484 1359 1540 urgere
1407 1471 1729 1538 coeperunt.
1781 1466 2068 1525 Graderes

82 1573 222 1612 non
281 1559 461 1613 unius
517 1559 814 1612 exercitus
873 1556 1130 1612 classem
1170 1556 1343 1627 vehi,
1401 1556 1504 1611 sed
1557 1555 1802 1610 duorum
1859 1556 2066 1613 navale

82 1646 318 1701 initum.
345 1661 480 1701 esse
510 1649 827 1701 certamen.
868 1645 1309 1701 Incutiebantur
1346 1644 1644 1715 puppibus
1687 1660 1905 1713 prorae,
1931 1661 2067 1715 pre-

84 1734 406 1789 mebantur
453 1751 486 1788 a
541 1734 963 1806 sequentibuS,
1012 1734 1114 1806 qui
1162 1733 1576 1789 antecedentes
1622 1734 2007 1788 turbaverant
2046 1752 2065 1789 ε

76 1823 459 1895 jurgantium
488 1826 575 1878 ira
602 1823 987 1894 perveniebat
1016 1823 1192 1878 etiam
1221 1823 1297 1877 ad
1324 1838 1559 1879 manua.

160 1929 413 2003 Jamque
461 1933 643 1986 aestus
689 1933 843 1987 totos
898 1931 1052 1986 eirca
1103 1929 1320 1983 flumen
1365 1944 1603 2000 campos
1651 1928 2058 2003 inundaverat,

83 2018 336 2073 tumulis
365 2020 666 2073 dumtaxat
697 2019 1107 2085 eminentibuS,
1131 2016 1297 2072 velut
1325 2017 1541 2071 insulis
1569 2019 1794 2088 parvis,
1821 2019 1883 2071 in
1914 2034 2062 2089 quos

84 2108 360 2178 plerique
388 2109 624 2178 trepidi,
657 2108 903 2163 omissis
922 2106 1195 2178 navigiis,
1220 2121 1396 2160 enare
1416 2109 1753 2176 properant.
1779 2107 2064 2178 Dispersa

85 2196 306 2250 classis
347 2198 563 2266 partim
620 2197 677 2250 in
734 2197 977 2266 praealta
1022 2210 1175 2265 aqua
1233 2195 1446 2262 stabat,
1507 2211 1620 2265 qua
1676 2196 2067 2251 subsederant

85 2285 303 2352 valleS‚
334 2285 547 2355 partim
597 2285 660 2338 in
696 2285 845 2340 vado
893 2285 1179 2352 haerebat,
1219 2285 1531 2354 utcumque
1560 2282 1855 2353 inaequale
1888 2288 2065 2340 terrae

85 2371 398 2442 fastigium
434 2378 867 2444 occupaverant
897 2373 1071 2427 undae
1096 2390 1110 2427 ε
1142 2387 1277 2426 cum
1299 2372 1493 2426 subito
1517 2389 1712 2427 novus
1733 2380 1788 2426 et
1807 2374 2060 2442 pristino

85 2462 283 2533 major
337 2464 535 2516 terror
589 2463 891 2517 incutitur.
944 2461 1328 2531 Reciprocari
1376 2461 1550 2530 coepit
1604 2477 1786 2529 mare,
1842 2477 2061 2534 magno

85 2553 277 2604 tractu
325 2551 514 2620 aquis·
546 2551 603 2604 in
650 2566 823 2604 suum
864 2550 1074 2604 fretum
1118 2549 1608 2619 recurrentibus,
1659 2549 2063 2620 reddebatque

85 2641 278 2694 terras
292 2638 336 2666 ⁸⁰
365 2640 540 2709 paulo
573 2644 708 2693 ante
746 2638 1040 2710 profundo
1072 2638 1204 2692 salo
1239 2652 1495 2691 mersas.
1548 2637 1737 2708 Igitur
1785 2639 2059 2692 destituta

90 2728 356 2798 navigia,
383 2728 495 2781 alia
525 2729 970 2798 praecipitantur
997 2728 1059 2780 in
1086 2741 1324 2796 proma,
1357 2727 1470 2780 alia
1500 2727 1561 2779 in
1582 2726 1765 2781 latera
1793 2742 2061 2797 procum—

85 2813 250 2870 bunt.
283 2815 466 2870 Strati
494 2820 663 2870 erant
706 2817 893 2887 campi
939 2815 1214 2879 sarcinis,
1263 2815 1466 2882 armiS,
1514 2816 1855 2869 avulsarum
1893 2816 2069 2870 tabu-

2133 499 2201 551 13

2127 851 2191 909 14

2126 1119 2192 1173 15

2126 1384 2194 1440 16

2122 1651 2189 1705 17

2121 1933 2188 1993 18

2122 2113 2188 2167 19

2119 2468 2189 2523 20

87 2899 277 2957 larum
302 2919 719 2974 remorumque
749 2903 1120 2976 fragmentis,
1153 2902 1324 2956 Miles
1355 2918 1464 2957 nec
1495 2903 1699 2974 egredi
1732 2904 1794 2956 in
1814 2907 2054 2971 terram,
2116 2913 2179 2967 21

140 3165 207 3205 15.
245 3159 558 3212 consederant,
580 3162 806 3204 entendez
835 3161 1126 3205 consederant
1155 3159 1203 3203 in
1232 3163 1449 3204 transtra.

135 3223 209 3265 16.
247 3221 349 3273 Qui,
372 3223 539 3276 ellipse
566 3223 623 3267 de
643 3222 952 3267 l’antecedent
982 3223 1064 3267 iis.

136 3284 202 3328 17.
233 3284 329 3328 Non
356 3289 626 3340 receperant,
648 3286 877 3329 entendez
905 3297 989 3329 non
1010 3284 1222 3341 poterant
1246 3284 1466 3339 recipere.

137 3349 205 3390 18.
238 3345 300 3389 Et
324 3347 561 3391 multitudo
590 3352 633 3390 et
658 3347 876 3402 paucitas.
914 3352 975 3392 Le
998 3347 1138 3392 verbe
1167 3358 1226 3391 au
1253 3346 1484 3400 singulier
1512 3358 1629 3401 pour
1657 3347 1817 3391 mieux
1846 3357 2059 3402 mai-quer

89 3404 130 3450 le
155 3413 414 3464 contraste,
436 3409 747 3464 l'opposition.

137 3475 202 3516 19.
239 3471 365 3515 Idem
392 3474 519 3526 atque
560 3484 689 3515 unum
719 3472 1008 3516 tendentium.
1039 3475 1120 3517 Cet
1146 3471 1381 3516 accusatis
1402 3472 1524 3517 n’est
1562 3471 1705 3524 gnere
1734 3470 1891 3515 usual.

134 3536 201 3578 20.
240 3533 360 3577 Mare
391 3533 599 3577 reddebat
626 3537 788 3590 terras,
816 3534 1020 3579 locution
1049 3544 1141 3579 non
1166 3532 1416 3591 classique.
