2517 3975
377 184 480 238 150
1134 203 1190 250 Q.
1234 202 1408 243 (1111111
1445 205 1578 242 nuri

375 310 558 364 donec
580 310 725 364 Asia
754 309 993 364 decedat
1017 311 1224 380 hostis,
1241 312 1432 367 victor
1459 313 1670 368 deinde
1693 330 1946 385 reguum
1966 314 2070 368 tibi
2090 313 2318 369 reddat.

375 397 504 451 Hoc
548 400 740 453 autem
785 398 956 453 brevi
992 400 1253 454 futurum
1302 403 1489 456 ratio⁸
1525 403 1836 472 promittit.
1876 403 2084 457 Bactra
2121 402 2329 456 intacta

296 489 304 496 ‘
376 491 526 555 sunt,
553 487 679 541 Indi
709 491 767 542 et
792 485 956 542 Saces
987 489 1048 542 in
1078 492 1176 544 tua
1204 493 1523 559 potestate3
1548 494 1634 545 tot
1664 492 1888 561 populi,
1909 494 1997 546 tot
2024 492 2327 555 exercituS,

251 1833 322 1887 10

256 2102 315 2156 11

253 2371 323 2424 12

259 2815 326 2869 13

376 579 461 631 tot
490 576 748 647 equitum
785 576 1162 648 peditumque
1198 579 1383 634 millia
1430 581 1500 633 ad
1545 581 1916 634 renovandas
1945 581 2108 634 vires
2136 583 2331 650 parata

375 665 611 737 habent,
651 669 714 720 ut
743 666 933 737 major
968 667 1109 721 belli
1145 669 1332 723 moles
1373 671 1654 740 supersit,
1689 686 1862 740 quam
1910 671 2199 724 exhausta
2242 670 2328 723 sit.

376 754 526 820 Quid
553 755 800 820 ruimus,
822 755 1132 809 beluarum
1162 758 1300 822 ritu,
1324 758 1386 811 in
1411 759 1735 828 perniciem
1757 774 1876 813 non
1898 758 2332 813 necessariam?

379 845 644 899 Fortium
691 845 958 898 virorum
1013 849 1102 899 est
1156 846 1348 918 magis
1402 854 1646 902 mortem
1701 851 2108 914 contemnere,
2173 863 2334 917 quam

381 935 577 989 odisse
607 934 808 987 vitam.
838 934 1010 1004 Saepe
1045 936 1219 989 taedio
1252 935 1478 990 laboris
1517 937 1585 990 ad
1612 937 1900 991 vilitatem
1926 938 2054 990 3111Ω
2084 937 2335 1007 compel-

378 1025 578 1078 luntur
621 1024 845 1095 ignavi.
889 1024 963 1078 At
1004 1023 1154 1078 nihil
1206 1025 1397 1080 virtus
1450 1025 1825 1095 inexpertum
1874 1026 2119 1083 omittit.
2171 1027 2336 1097 Atqui

377 1115 646 1167 ultimum
686 1114 948 1167 omnium
990 1129 1150 1168 mors
1189 1118 1283 1168 est
1317 1133 1330 1168 z
1365 1115 1437 1169 ad
1482 1130 1657 1187 quam
1696 1131 1814 1168 non
1858 1115 2031 1185 pigre
2074 1116 2161 1169 ire
2203 1115 2337 1169 satis

377 1206 486 1257 est.
523 1202 774 1257 Proinde
809 1204 861 1257 si
899 1203 1134 1269 Bactra,
1175 1203 1329 1274 quod
1360 1188 1720 1258 tutissimum
1759 1204 2204 1273 receptaculum
2233 1205 2334 1267 est,

378 1292 650 1362 petimus,
699 1292 1046 1363 praefectum
1090 1293 1365 1365 regionis
1416 1293 1567 1363 ejuS,
1617 1293 1891 1358 Bessum,
1932 1309 2147 1364 regem
2194 1298 2335 1349 tem-

372 1381 591 1452 poris¹⁰
622 1381 810 1454 gratia
841 1385 1171 1435 statuamus
1202 1399 1216 1436 ι
1249 1382 1432 1436 rebus
1469 1381 1833 1452 compositis,
1867 1381 2033 1453 justo
2070 1383 2214 1454 regi
2242 1381 2338 1436 tibi

374 1471 746 1524 fiduciarium
774 1469 1048 1525 restituet
1084 1471 1421 1540 imperium.
1460 1494 1479 1517 ·›

446 1560 616 1614 Haud
655 1560 870 1613 mirum
900 1562 991 1613 est
1033 1558 1274 1613 Darium
1321 1574 1440 1613 non
1488 1563 1846 1629 temperasse
1895 1561 2115 1628 anime,
2151 1577 2341 1632 quam·

377 1664 570 1719 quam,
601 1652 718 1702 tam
752 1649 944 1718 impiae
974 1649 1105 1702 voci
1135 1652 1415 1720 quantum
1448 1648 1615 1702 nefas
1647 1649 1941 1717 subesset,
1966 1649 2212 1704 latebat.
2237 1650 2337 1705 Ita-

339 1793 343 1798 ,
378 1755 489 1811 que
524 1756 535 1791 :
573 1737 974 1802 «Pessimum,
1008 1737 1218 1808 inquit,
1251 1737 1628 1806 mancipium,
1654 1738 1978 1808 repperisti
2011 1742 2340 1810 exoptatum

378 1828 483 1882 tibi
513 1830 764 1897 tempuS,
788 1842 902 1897 quo
923 1827 1306 1895 parricidium
1337 1825 1631 1896 aperires!
1664 1850 1686 1875 11
1717 1827 2042 1897 strictoque
2070 1828 2339 1883 acinace*

378 1915 793 1973 interfecturus
813 1931 947 1970 eum
967 1915 1292 1981 videbatur,
1318 1916 1379 1969 ni
1393 1930 1642 1986 propere
1662 1916 1887 1970 Bessus
1907 1916 2140 1970 Bactria
2150 1920 2336 1989 nique,

378 2007 548 2078 quasi
578 2006 1057 2076 deprecarentur,
1100 2006 1363 2060 tristium
1404 2006 1617 2075 specie,
1668 2008 1948 2072 ceterum,
1980 2006 2031 2059 si
2073 2021 2340 2075 perseve-

376 2101 555 2163 raret,
588 2096 864 2165 vincturi,
889 2096 1438 2150 circumstetissent.
1482 2095 1862 2149 Nabarzanes
1907 2095 2149 2149 interim
2200 2096 2342 2164 elap-

370 2204 503 2256 3113,
536 2202 673 2240 mox
703 2188 761 2240 et
785 2185 1014 2239 Bessus
1043 2186 1397 2238 consecutus
1430 2201 1444 2238 :
1476 2183 1694 2253 copiaS‚
1722 2183 1939 2254 quibus
1967 2186 2289 2252 praeerant,
2313 2197 2342 2234 a

378 2279 575 2331 cetero
615 2275 875 2329 exercitu
923 2272 1201 2328 secedere
1243 2273 1481 2344 jubent,
1536 2274 1832 2326 secretum
1879 2271 2088 2326 inituri
2145 2272 2341 2328 consi-

378 2367 542 2420 lium.
592 2363 938 2426 ArtabazuS,
980 2362 1433 2417 convenientem
1467 2362 1751 2431 praesenti
1800 2361 2057 2415 fortunae
2112 2364 2342 2416 senten-

378 2454 511 2508 tiam
560 2469 753 2519 orsus,
795 2452 1067 2521 mitigare
1125 2449 1383 2515 Darium,
1413 2453 1749 2520 temporum
1787 2449 2106 2524 identidem
2142 2453 2343 2505 admo-

381 2558 550 2609 nenS,
582 2543 756 2613 coepit
788 2559 800 2595 ε
837 2563 860 2590 «
902 2540 1081 2595 ferret
1114 2554 1282 2608 aequo
1311 2540 1510 2594 auimo
1546 2538 2076 2611 qualiumcumque,
2110 2554 2341 2594 suorum

380 2635 595 2698 tamen,
624 2632 720 2685 vel
748 2628 1049 2686 stultitiam
1075 2628 1173 2681 vel
1203 2643 1488 2682 errorem.
1520 2628 1746 2682 Instare
1791 2627 1915 2699 jam
1944 2628 2340 2682 Alexandrum

380 2734 646 2789 gravem,
680 2719 908 2774 etiamsi
955 2718 1207 2772 omnes¹¹
1245 2719 1461 2788 praesto
1501 2720 1704 2772 essent
1754 2734 1767 2770 :
1818 2716 1957 2786 quid
1988 2716 2269 2783 futurum,
2293 2716 2342 2770 si

382 2808 673 2877 persecuti
718 2806 971 2878 fugam¹¹
1007 2806 1200 2876 ipsius
1228 2805 1598 2860 alienentur?
1643 2827 1665 2854 1>
1710 2805 1903 2876 AEgre
1945 2806 2147 2876 paruit
2183 2806 2341 2859 Arta-

380 2896 542 2961 bazn,
575 2899 652 2961 et,
685 2910 1036 2966 quamquam
1062 2909 1299 2950 movere
1317 2896 1513 2949 castra
1542 2895 1847 2961 statuerat,
1878 2894 2133 2948 turbatis
2152 2896 2339 2948 tamen

430 3173 472 3214 8.
504 3170 650 3214 Ratio.
680 3169 750 3211 Cf.
776 3179 831 3211 ce
847 3174 957 3222 mot,
977 3173 1047 3222 lv,
1076 3180 1145 3222 ix,
1164 3172 1272 3212 note
1292 3168 1364 3214 32.

430 3239 476 3278 9.
511 3232 579 3275 Aa
605 3231 819 3275 vilitatem
847 3231 932 3283 rui,
966 3231 992 3273 a
1020 3231 1133 3274 faire
1162 3242 1254 3285 peu
1284 3230 1342 3273 de
1380 3241 1461 3274 cas
1498 3229 1555 3273 de
1589 3231 1691 3273 leur
1714 3238 1977 3283 personne3
2014 3228 2218 3273 locutiou
2251 3237 2340 3272 non

379 3296 630 3350 classique.

432 3363 505 3403 10.
544 3356 781 3411 TemporiS,
813 3356 882 3398 les
908 3355 1271 3400 circonstances.

434 3424 505 3465 11.
544 3420 711 3472 Omnes,
736 3425 838 3460 tous
866 3418 936 3458 les
953 3417 1129 3459 soldats
1152 3416 1209 3459 de
1228 3419 1413 3462 Darius.

437 3486 506 3527 12.
543 3479 778 3524 Persecuti
803 3480 948 3530 [naam
972 3476 1116 3529 ipsius
1138 3488 1318 3521 comme
1345 3480 1427 3522 Bis
1454 3490 1522 3522 me
1549 3479 1726 3532 victum,
1759 3478 1827 3521 bia
1853 3479 2097 3533 sapientem
2119 3474 2334 3534 perdenti

385 3545 496 3586 estis
524 3544 592 3596 (V,
619 3553 717 3592 vm,
744 3539 808 3594 8).
1905 3545 1910 3550 ·
