2517 3975
242 498 309 551 18

243 763 309 817 19

242 1470 305 1524 21

244 1736 315 1790 22

246 1824 316 1878 23

366 195 470 249 100
1123 211 1179 256 Q.
1221 210 1391 249 cun‘rr
1430 210 1566 248 auri

364 335 442 375 ex
459 319 866 391 praesentibus
882 321 923 347 ²³
945 319 1129 375 tutius
1157 320 1357 374 visum
1379 320 1488 383 est,
1513 334 1691 390 quam
1718 317 1927 373 eodem
1947 316 2080 372 loco
2107 319 2341 374 castra*

364 410 622 465 munire.

440 498 692 553 Postero
737 498 853 564 die,
897 498 1150 552 Mazaeus
1187 526 1260 539 —
1305 513 1437 552 cum
1486 496 1730 552 delectis
1768 498 2033 566 equitum
2080 497 2142 550 in
2186 496 2343 553 edito

367 587 540 655 colle,
563 603 636 641 ex
656 602 774 658 quo
800 587 1190 641 Macedonum
1210 587 1733 656 prospiciebantur
1750 588 1965 653 castra,
1989 587 2346 642 consederat

366 706 435 718 —
465 677 595 732 sive
624 679 804 744 metu,
837 676 969 729 sive
1001 676 1137 746 quia
1169 675 1465 746 speculari
1497 675 1670 729 modo
1693 673 1912 745 jussus
1943 677 2086 740 erat,
2117 675 2191 729 ad
2221 675 2347 729 Da-

365 764 523 818 rium
542 763 737 819 rediit.
762 762 1120 818 Macedones
1141 779 1275 817 eum
1297 762 1495 832 ipsum
1522 761 1755 826 collem,
1781 777 1953 831 quem
1972 762 2342 828 deseruerat,

367 855 845 923 occupaverunt:
899 866 1038 905 nam
1084 854 1142 905 et
1188 850 1367 905 tutior
1410 848 1651 920 planitie
1693 853 1837 915 erat,
1884 854 1943 904 et
1989 849 2125 904 inde
2184 851 2346 905 acies

368 942 646 1009 hostium,
678 955 810 1010 quae
840 940 898 993 in
937 955 1146 1009 campo
1184 939 1614 1009 explicabatur,
1646 939 1917 1008 conspici
1947 940 2195 1008 poterat.
2229 938 2347 994 Sed

368 1029 586 1098 caligo,
628 1043 803 1098 quam
847 1028 1006 1082 circa
1056 1026 1279 1082 humidi
1326 1026 1655 1081 effuderant
1708 1031 1960 1094 montes,
2006 1026 2346 1081 universam

368 1115 641 1185 equidem
669 1116 758 1169 rei
790 1114 996 1170 faciem
1037 1132 1155 1170 non
1186 1114 1451 1182 abstulit,
1483 1117 1746 1170 ceterum
1785 1116 2090 1186 agminum
2128 1114 2346 1170 discri-

368 1205 529 1257 mina
556 1205 728 1272 atque
761 1203 1028 1257 ordinem
1068 1202 1375 1272 prohibuit
1412 1203 1698 1274 perspici.
1737 1201 2049 1257 Multitudo
2088 1203 2345 1257 inunda-

369 1307 476 1347 vei
478 1295 536 1346 at
563 1308 823 1363 campos,
843 1291 1227 1369 fremitusque
1247 1294 1333 1346 tot
1352 1291 1603 1344 millium
1634 1291 1808 1346 etiam
1830 1290 2038 1362 procul
2064 1292 2360 1367 stantium·

372 1396 551 1436 auies
591 1381 968 1452 impleverat.

441 1470 739 1524 Fluctuari
776 1469 972 1527 animo
1012 1483 1142 1535 rex,
1175 1471 1232 1523 et
1271 1468 1444 1522 modo
1485 1484 1679 1532 suum,
1717 1425 1893 1523 modo
1932 1469 2347 1524 Parmenionis

369 1557 683 1613 consilium
711 1571 847 1611 sera
880 1556 1271 1611 aestimatione
1297 1571 1404 1626 pei
1405 1557 1708 1626 pendere
1743 1557 1961 1627 quippe
2002 1572 2074 1613 eo
2106 1560 2347 1612 ventum

372 1649 498 1701 erat
525 1645 680 1699 unde
710 1643 889 1714 recipi
918 1645 1232 1710 exercituS,
1257 1645 1379 1699 nisi
1399 1645 1608 1716 victor,
1634 1646 1764 1700 sine
1785 1645 1947 1700 clade
1970 1661 2089 1700 non
2119 1650 2344 1716 posset.

371 1734 604 1803 Itaque,
665 1733 1034 1787 dissimulato
1094 1749 1345 1802 pavore,
1399 1736 1833 1790 mercenarium
1892 1735 2146 1804 equitem
2175 1736 2218 1763 ¹⁸
2275 1751 2349 1791 ex

371 1820 615 1876 Paeonia
658 1820 994 1891 praecedere
1035 1821 1227 1892 jubet.
1275 1822 1413 1892 Ipse
1445 1823 1796 1893 phalangem
1818 1824 1859 1891 *,
1907 1824 2063 1878 sicut
2108 1825 2347 1879 antea²⁷

371 1908 594 1964 dictum
634 1911 745 1973 est,
800 1908 861 1960 in
915 1908 1028 1962 duo
1089 1922 1311 1962 cornua
1359 1909 1747 1963 extenderat:
1797 1912 2109 1979 utrumque
2157 1925 2346 1966 cornu

373 1997 604 2069 equites
656 1996 957 2070 tegebant.
998 1996 1247 2067 Jamque
1300 1997 1545 2052 nitidior
1586 1998 1708 2067 lux,
1750 1998 2024 2054 discussa
2065 1997 2368 2072 caligine,

374 2088 559 2142 aciem
588 2086 850 2141 hostium
880 2086 1240 2156 ostenderat,
1260 2089 1320 2143 et
1337 2086 1690 2141 Macedones
1721 2088 1851 2143 sive
1881 2087 2185 2143 alacritate
2218 2089 2346 2143 sive

372 2176 549 2232 taedio
581 2176 1064 2247 exspectationis,
1097 2176 1425 2245 ingentem,
1455 2175 1847 2246 pugnantium
1877 2191 2062 2240 more,
2104 2177 2346 2232 edidere

374 2265 725 2321 clamorem·
755 2262 1046 2318 Redditus
1077 2267 1134 2317 et
1166 2279 1201 2316 a
1232 2262 1449 2331 Persis,
1483 2278 1726 2318 nemora
1762 2264 2064 2334 vallesque
2093 2266 2351 2320 circum-

318 2425 321 2428 Δ
369 2352 562 2424 jectas
590 2350 843 2406 terribili
881 2366 1029 2404 sono
1060 2351 1456 2421 impleverat:
1499 2366 1607 2406 nec
1646 2351 1770 2423 jam
1813 2352 2106 2408 contineri
2147 2355 2348 2409 Mace-

375 2441 564 2496 dones
591 2441 866 2510 poterant
897 2438 1040 2508 quin
1074 2454 1258 2496 cursu
1285 2455 1521 2511 quoque
1548 2440 1622 2494 ad
1649 2441 1880 2495 hostem
1896 2443 2347 2498 contenderent.

377 2528 589 2582 Melius
633 2527 822 2583 adhuc
862 2532 1030 2582 ratus
1068 2527 1129 2581 in
1167 2527 1378 2583 eodem
1415 2529 1640 2583 tumulo
1680 2523 1926 2584 castra*
1949 2531 2206 2600 munire,
2243 2547 2351 2587 rex

377 2614 594 2668 vallum
614 2614 779 2686 *jaci
802 2615 987 2687 jussit
1013 2634 1025 2670 ε
1058 2620 1421 2687 strenueque
1453 2632 1632 2687 opere
1660 2616 1944 2687 perfecto,
1977 2618 2038 2671 in
2068 2616 2348 2673 taberna-

377 2702 593 2779 culum,
624 2717 698 2757 ex
734 2720 850 2775 quo
890 2706 1006 2759 tota
1046 2704 1203 2759 acies
1241 2703 1499 2759 hostium
1538 2704 2037 2775 conspiciebatur,
2070 2707 2348 2762 secessit.

1136 2908 1391 2966 CAPUT
1445 2910 1582 2964 XIII

377 3030 586 3082 Conseil
607 3031 670 3080 de
699 3046 886 3095 guerre
906 3034 1002 3084 des
1022 3034 1412 3086 Macedonicus.
1434 3061 1497 3072 —
1517 3034 1645 3085 Nuit
1672 3036 1763 3098 qui
1791 3034 2013 3099 precede
2041 3035 2091 3084 la
2110 3035 2348 3085 bataille.

449 3174 598 3229 Tum
645 3189 792 3231 vero
839 3176 1123 3234 universa
1177 3176 1361 3232 futuri
1406 3177 1772 3233 discriminis
1810 3179 1993 3235 facies
2041 3179 2105 3233 in
2158 3178 2355 3236 oculis

377 3265 504 3317 erat
538 3279 551 3316 z
581 3262 766 3316 armis
793 3262 1139 3335 insignibus
1176 3264 1313 3337 equi
1350 3265 1584 3336 virique
1618 3266 2025 3336 splendebant,
2058 3272 2116 3321 et
2148 3267 2351 3324 omnia

427 3412 501 3460 25.
535 3411 607 3457 Ex
627 3412 945 3467 praesentant.
973 3416 1042 3458 vu
1063 3414 1135 3457 les
1153 3413 1498 3459 circonstances
1526 3414 1789 3469 presentes.

427 3478 500 3520 26.
534 3475 754 3530 Equitem,
781 3476 1007 3530 singuliet
1029 3475 1248 3519 collectis.
1275 3476 1344 3520 Cr.
1373 3479 1450 3529 111,
1480 3488 1511 3530 1,
1543 3482 1650 3521 note
1668 3481 1710 3521 3.
1797 3493 1810 3510 ι

429 3538 502 3584 27.
537 3539 697 3588 Antea,
725 3536 1005 3583 dest-edire
1033 3539 1103 3591 tv,
1132 3547 1218 3588 ιιι,
1246 3538 1297 3581 3.
