2517 3975
356 636 426 691 20

353 726 419 781 21

355 1171 431 1226 23

360 1617 429 1672 24

359 1795 432 1850 25

361 1971 433 2028 26

357 2240 431 2296 27

362 2508 432 2564 28

477 237 582 292 292
1235 250 1294 293 Q.
1329 247 1502 288 curm
1540 248 1675 286 nun

478 376 658 415 causa
684 362 796 429 est,
827 358 1030 429 utique
1053 362 1372 430 postquam
1400 359 1677 412 vitiorum
1690 357 1731 385 ⁸¹
1775 361 2201 415 commercium
2228 360 2414 432 vulga·

476 463 617 503 vere
663 448 725 502 in
780 451 1014 502 exteras
1066 448 1317 517 gentes:
1370 446 1585 516 quippe
1632 444 1999 500 aestimantur
2057 450 2414 521 purgamenta

476 535 862 592 exaestuantis
889 533 1020 589 freti
1056 533 1273 603 pretio,
1316 532 1473 603 quod
1510 533 1695 588 libido
1734 534 2060 588 constituit.

550 624 798 698 Ingenia
828 624 1157 690 hominum,
1189 623 1342 677 sicut
1379 623 1616 693 ubique,
1650 622 1803 693 apud
1832 622 1971 677 illos
2002 624 2274 679 locorum
2300 639 2414 694 quo·

479 730 592 788 que
630 714 782 767 situs
811 711 1044 767 format.
1074 709 1344 781 Corpora
1371 726 1561 780 usque
1601 711 1782 781 pedes
1812 713 2062 767 carbaso
2094 714 2319 776 velaut;
2344 728 2413 766 so-

477 804 589 859 leis
609 802 812 874 pedes,
828 800 1021 871 capita
1041 800 1242 854 linteis
1265 800 1533 854 vinciunt
1545 815 1563 867 ;
1581 799 1768 870 lapilli
1788 815 1862 854 ex
1884 800 2133 855 auribus
2163 801 2406 872 pendent3

476 891 720 947 brachia
739 904 970 961 quoque
999 891 1054 943 et
1083 888 1337 943 lacertos
1366 904 1512 942 auro
1543 887 1765 955 colunt,
1785 889 2060 957 quibus⁸⁸
2089 892 2244 944 inter
2271 904 2413 961 popu-

478 979 638 1034 lares
683 983 782 1032 aut
825 977 1109 1032 nobilitas
1157 979 1256 1030 aut
1299 992 1446 1047 opes
1492 976 1777 1031 eminent.
1817 975 2109 1047 Capillum
2138 978 2182 1006 ⁸⁸
2218 977 2414 1051 pectunt

479 1067 703 1139 saepius
744 1082 920 1138 quam
957 1067 1221 1132 tondent,
1257 1068 1516 1120 mentum
1554 1081 1790 1135 semper
1827 1066 2135 1121 intonsum
2172 1073 2284 1129 est,
2313 1065 2415 1121 reli-

480 1171 656 1228 quam
687 1156 811 1216 oris
839 1158 1028 1209 cutem
1057 1154 1129 1209 ad
1160 1154 1418 1224 speciem
1447 1154 1762 1208 levitatis⁸⁸
1791 1160 2110 1226 exaequant
2129 1155 2191 1210 ⁸⁸.
2225 1157 2411 1228 Regum

478 1247 675 1298 tamen
704 1243 941 1296 luxuria
955 1243 1015 1308 ⁸⁷,
1039 1258 1212 1313 quam
1241 1242 1363 1311 ipsi
1391 1241 1889 1314 magnificentiam
1917 1245 2241 1314 appellant,
2274 1257 2412 1313 super

481 1330 745 1386 omnium
775 1330 1039 1401 gentium
1072 1330 1215 1384 vitia
1235 1329 1296 1383 ⁸⁸.

550 1418 698 1474 Cum
735 1435 845 1474 rex
886 1421 1073 1474 semet
1103 1420 1164 1473 in
1192 1419 1430 1489 publico
1468 1420 1736 1490 conspici
1775 1421 2016 1491 patitur,
2054 1403 2315 1477 turibula
2347 1435 2412 1474 ar·

480 1511 695 1581 gentea
722 1506 979 1562 ministri
1010 1507 1223 1574 ferunt,
1255 1510 1560 1578 totumque
1597 1508 1726 1574 iter,
1762 1524 1866 1577 per
1895 1507 2052 1578 quod
2091 1508 2241 1564 ferri
2268 1509 2412 1565 desti-

483 1596 672 1663 navit,
713 1595 999 1650 odoribus
1045 1595 1364 1664 complent.
1404 1596 1600 1649 Aurea
1646 1595 1850 1650 lectica
1880 1596 1901 1616 *
1941 1599 2289 1667 margaritis
2326 1597 2414 1653 cir-

484 1682 1017 1754 cumpendentibus
1056 1682 1333 1749 recubat3
1381 1682 1656 1738 distincta
1695 1687 1834 1738 sunt
1890 1701 2039 1756 auro
2090 1690 2147 1740 et
2193 1698 2411 1757 purpura

483 1773 753 1837 carbasa,
776 1786 907 1842 quae
932 1772 1170 1825 indutus
1210 1771 1390 1827 est⁸⁹:
1423 1772 1691 1826 lecticam
1722 1776 2052 1844 sequuntur
2082 1776 2294 1830 armati
2316 1787 2411 1828 cor·
2461 1805 2462 1810 κ

484 1861 765 1933 porisque
814 1860 1088 1915 custodes
1108 1860 1149 1930 *‚
1193 1860 1348 1915 inter
1389 1876 1541 1932 quos
1587 1862 1772 1916 ramis
1818 1878 1961 1916 aves
2002 1863 2270 1932 pendent,
2298 1874 2407 1933 quas

485 1957 662 2005 cantu
714 1948 890 2004 seriis
948 1947 1130 2003 rebus
1186 1948 1531 2020 obstrepere
1580 1950 1924 2005 docuerunt.
1976 1951 2167 2025 Regia
2214 1953 2405 2008 auratas
2459 1996 2460 1999 ,

485 2038 791 2094 columnas
839 2038 1016 2093 habet
1047 2053 1060 2092 ε
1095 2041 1249 2093 totas
1295 2054 1399 2092 eas
1445 2039 1624 2106 vitis,
1672 2055 1817 2095 auro
1861 2042 2085 2107 caelata,
2134 2037 2402 2112 percurrit,

484 2129 821 2200 aviumque,
851 2143 1099 2201 quarum
1128 2128 1266 2182 visu
1295 2128 1549 2183 maxime
1581 2128 1860 2201 gaudent,
1892 2128 2188 2202 'argenteae
2217 2127 2403 2199 effigies

487 2233 666 2289 opera
712 2216 1102 2288 distinguunt.
1145 2217 1330 2288 Regia
1380 2217 1733 2272 adeuntibus
1777 2221 1955 2290 patet,
1996 2236 2130 2274 cum
2171 2219 2405 2289 capillum

484 2305 719 2379 pectit⁴⁰
747 2309 918 2376 atque
950 2308 1157 2360 ornat:
1201 2309 1342 2360 tunc
1370 2321 1655 2377 responsa
1693 2307 2118 2377 legationibus,
2147 2315 2277 2363 tunc
2297 2307 2405 2377 jura

456 2394 868 2467 popularibus
919 2393 1130 2449 reddit.
1186 2395 1449 2464 Demptis
1500 2395 1730 2450 soleis*
1734 2437 1748 2462 ,
1801 2396 2085 2451 odoribus
2137 2378 2456 2451 illinuntur

485 2485 688 2557 pedes,
718 2483 980 2538 Venatus
1020 2484 1317 2538 maximus
1362 2481 1535 2537 labor
1571 2487 1663 2539 est
1708 2485 1938 2539 inclusa
1977 2486 2201 2540 vivario
2229 2485 2262 2512 ‘¹
2304 2481 2401 2537 ani-

485 2573 681 2638 malia,
721 2573 879 2627 inter
902 2575 1041 2627 vota
1083 2575 1413 2644 cantusque
1455 2571 1732 2643 pelicum,
1771 2573 1983 2643 figere.
2021 2574 2228 2629 Binum
2263 2567 2401 2625 cubi-

484 2666 678 2720 torum
704 2660 727 2680 '¹
774 2661 1003 2734 sagittae
1031 2660 1054 2682 *
1097 2663 1265 2729 sunt,
1305 2676 1453 2732 quas
1505 2662 1775 2716 emittunt
1817 2662 2042 2734 maJore
2089 2664 2221 2717 nisu
2258 2670 2401 2730 quam
2453 2672 2454 2685 ¹

486 2751 719 2818 effectu,
759 2752 975 2822 quippe
1017 2750 1198 2804 telum
1227 2749 1272 2818 *,
1319 2749 1491 2822 cujus
1539 2750 1602 2804 in
1657 2751 1892 2805 levitate
1937 2752 2035 2806 vis
2086 2750 2268 2806 omnis
2310 2750 2398 2811 est,

538 2958 613 3003 38.
652 2955 888 3001 Vitiorum.
925 2952 1221 3009 metonymic.
1260 2952 1383 2998 Vitia
1409 2965 1531 3009 pour
1555 2953 1846 2999 instrumenta
1868 2954 2091 3013 vitiorum,
2120 2955 2163 3000 le
2174 2953 2282 3006 vice,
2306 2957 2400 3005 pour

487 3021 556 3063 les
582 3019 732 3073 objets
758 3018 838 3073 qui
865 3020 1149 3072 provoquent
1174 3015 1219 3060 le
1247 3017 1371 3060 vice.

537 3087 612 3126 33.
648 3080 831 3132 Quibus.
862 3078 1039 3133 Ellipse
1067 3078 1124 3122 de
1152 3077 1459 3122 l’antecedent
1486 3079 1589 3123 ini.

538 3143 612 3188 34.
645 3141 882 3196 Capillum.
920 3140 1155 3195 Singulier
1181 3152 1241 3184 au
1270 3151 1379 3184 sens
1407 3141 1630 3185 collectis.

537 3204 610 3248 35.
642 3203 708 3246 Διὶ
733 3204 925 3257 speciem
952 3202 1170 3257 levitatis,
1196 3200 1486 3247 c’est-a-dire
1512 3206 1563 3247 st
1590 3203 1777 3259 speciem
1805 3203 2010 3250 levitatis
2033 3203 2228 3260 praebeat.

538 3266 613 3309 36.
644 3264 900 3318 Eaeaequant,
923 3266 980 3308 ils
1007 3269 1183 3308 raseut.

540 3327 612 3369 3Ἶ.
647 3323 863 3377 Luxuria,
890 3323 998 3367 luxe
1028 3337 1151 3369 sans
1165 3326 1294 3381 gout.

540 3384 617 3427 38.
646 3383 789 3435 super
815 3354 946 3439 vi'tia,
968 3396 1008 3428 s.
1031 3397 1076 3428 e
1103 3392 1188 3439 est,
1217 3398 1440 3443 surpasse
1464 3390 1536 3433 les
1555 3389 1709 3435 vices.

543 3441 617 3486 39.
652 3441 753 3491 Quae
773 3441 948 3486 indutae
964 3450 1049 3488 est.
1073 3448 1161 3490 Sur
1188 3453 1265 3492 cet
1290 3450 1531 3505 accusatis,
1558 3450 1622 3500 cr.
1646 3456 1698 3506 v,
1717 3462 1786 3504 ιι,
1807 3457 1916 3497 note
1942 3454 1991 3498 3.

547 3501 622 3546 40.
653 3500 815 3553 Pectit
833 3511 879 3547 s.
910 3513 958 3545 e.
990 3515 1091 3548 rex.

549 3560 622 3606 M.
661 3559 852 3604 Vinaria.
881 3564 948 3605 on
967 3574 993 3605 a
1011 3577 1072 3608 vu
1091 3566 1197 3619 plus
1216 3569 1333 3613 haut
1358 3572 1485 3627 (vm,
1510 3574 1556 3629 ι)
1581 3575 1835 3621 Alexandro
1856 3577 2043 3621 chum
2067 3574 2174 3618 dtns
2195 3578 2252 3613 ¹²1¹
2277 3574 2384 3621 Ρω-
