2517 3975
249 455 318 510 16

252 808 319 863 17

251 1074 318 1130 18

251 1692 320 1747 19

251 2052 321 2107 20

248 2228 314 2283 21

371 249 476 304 328
1130 263 1183 307 Q.
1226 262 1397 302 cun-rx
1434 262 1574 302 num

371 375 485 428 mis
538 375 733 441 erant,
782 371 1003 441 praeter
1048 371 1186 439 hoa,
1240 371 1508 442 equitum
1559 388 1600 424 x
1652 370 1862 439 millia,
1912 374 2345 443 nongentaeque

371 460 693 535 quadrigae.
737 459 811 514 At
858 459 1234 527 Macedones,
1277 460 1379 528 qui
1425 460 1587 514 omni
1629 459 1973 515 discrimine
1999 460 2039 487 ²⁰
2068 460 2195 531 jam
2239 462 2349 516 de—

372 551 607 606 functos
658 566 724 604 se
773 566 907 604 esse
965 549 1373 616 crediderant,
1418 551 1736 619 postquam
1789 547 2084 620 integrum
2124 549 2346 605 bellum

373 654 506 694 cum
551 637 947 692 ferocissimis
988 638 1170 692 Indiae
1218 635 1500 709 gentibus
1546 652 1868 707 superesse
1908 643 2342 709 cognoverunt,

372 727 701 798 improviso
751 729 908 781 metu
957 726 1177 794 territi,
1230 740 1446 779 rursus
1495 725 1799 780 seditiosis
1845 725 2092 780 vocibus
2144 743 2343 799 regem

373 817 681 886 increpare
709 817 1048 885 coeperunt:
1079 837 1101 862 «
1135 814 1386 886 Gangen
1417 828 1674 883 amnem,
1694 817 1751 868 et
1780 830 1911 883 quae
1941 814 2091 868 ultra
2118 820 2340 885 essent,

374 907 640 960 eoactum
678 904 1073 958 transmittere
1093 902 1154 966 ¹¹,
1194 917 1315 956 non
1361 905 1559 956 tamen
1597 900 1804 955 finisse
1822 902 1882 969 ³¹,
1924 902 2029 956 sed
2075 907 2343 959 mutasse

373 993 611 1048 bellum.
641 992 950 1046 Indomitis
994 989 1274 1062 gentibus
1314 1005 1380 1044 se
1419 989 1712 1061 objectes,
1749 990 1869 1043 ut²⁸
1897 992 2189 1061 sanguine
2229 1009 2341 1047 suo

373 1082 674 1152 aperirent
701 1082 754 1134 ei
783 1080 1097 1135 Oceanum.
1131 1077 1310 1132 Trahi
1340 1080 1505 1133 extra
1536 1078 1732 1132 sidera
1762 1081 1818 1133 et
1846 1080 2056 1145 solem,
2085 1082 2341 1151 cogique

372 1169 535 1223 adire
565 1185 695 1240 quae
725 1168 1062 1223 mortalium
1092 1169 1280 1223 oculis
1309 1171 1517 1222 natura
1546 1168 1920 1223 subduxerit.
1946 1170 2133 1223 Novis
2163 1170 2341 1226 iden-

371 1258 550 1313 tidem
581 1259 762 1311 armis
789 1273 983 1312 novos
1009 1256 1216 1311 hostes
1248 1257 1559 1312 exsistere.
1583 1257 1743 1321 Quos
1768 1260 1830 1311 ut
1858 1273 2066 1312 omnes
2094 1256 2341 1312 fundant

372 1345 717 1417 lugeatque,
766 1345 923 1415 quod
963 1346 1273 1414 praemium
1321 1346 1489 1414 ipsos
1532 1345 1811 1398 manere?
1851 1345 2168 1415 caliginem
2188 1345 2234 1372 ²⁴
2273 1362 2340 1401 ac

372 1433 647 1489 tenebras
675 1438 731 1490 et
759 1437 1102 1505 perpetuam
1140 1437 1368 1488 noctem
1397 1431 1687 1504 profundo
1726 1433 2105 1488 incubantem
2143 1436 2336 1499 mari;

374 1524 654 1594 repletum
674 1524 1017 1577 immanium
1055 1523 1363 1577 beluarum
1391 1521 1682 1592 gregibus
1720 1520 1971 1587 fretum;
2005 1523 2340 1579 immobiles

372 1613 583 1680 undas,
614 1613 677 1666 in
709 1612 925 1682 quibus
954 1612 1254 1666 emoriens
1295 1614 1504 1664 natura
1533 1609 1834 1665 defecerit.
1872 1634 1893 1659 »

446 1702 597 1769 Rex,
630 1717 750 1755 non
781 1716 909 1765 sua,
947 1701 1052 1754 sed
1084 1699 1335 1754 militum
1374 1699 1772 1753 sollicitudine
1802 1700 2034 1769 anxiuS,
2066 1701 2338 1756 contione

375 1788 673 1856 advocata,
698 1789 868 1844 docet
891 1811 913 1837 α
939 1789 1210 1843 imbelles
1239 1803 1394 1854 esse,
1428 1803 1575 1857 quos
1603 1774 1883 1842 metuant.
1912 1789 2075 1842 Nihil
2104 1789 2330 1851 deinde,

374 1879 590 1948 praeter
640 1876 749 1932 has
805 1879 1048 1947 gentse,
1103 1877 1337 1931 obstare
1394 1875 1739 1946 quominus,
1797 1878 2092 1930 terrarum
2150 1878 2333 1946 spatia

375 1966 620 2031 emensi,
673 1965 745 2020 ad
801 1964 977 2019 finem
1032 1965 1209 2019 simul
1261 1963 1467 2020 mundi
1522 1963 1904 2036 laborumque
1959 1965 2323 2036 perveniant.

374 2056 651 2112 Cessisse
675 2070 739 2109 se
769 2053 885 2108 illis
912 2053 1309 2109 metuentibus
1339 2053 1583 2123 Gangen
1614 2057 1670 2108 et
1699 2053 2128 2110 multitudinem
2156 2056 2335 2109 natio-

374 2159 533 2210 num,
569 2159 701 2214 quae
730 2143 883 2197 ultra
913 2157 1144 2197 amnem
1174 2142 1376 2197 essent
1408 2159 1421 2195 ε
1461 2141 1790 2196 declinasse
1828 2143 1939 2196 iter
1972 2158 2065 2210 eo,
2093 2143 2193 2196 ubi
2229 2158 2328 2212 par

375 2233 584 2304 gloria,
607 2233 806 2286 minus
826 2231 1153 2300 periculum
1179 2235 1360 2286 esset.
1382 2231 1513 2284 vlam
1539 2232 1887 2301 prospicere
1917 2247 1984 2285 se
2013 2231 2324 2295 Oceanum;

366 2319 493 2391 jam
540 2320 792 2390 perflare
840 2319 914 2374 ad
959 2320 1125 2390 ipsos
1181 2334 1385 2373 auram
1431 2319 1642 2374 maris,
1692 2320 1781 2374 Ne
1838 2320 2171 2374 inviderent
2216 2316 2325 2372 sibi

373 2408 605 2463 laudem
647 2425 820 2479 quam
857 2409 1104 2479 peteret.
1149 2407 1467 2462 Herculis*
1507 2410 1563 2463 et
1607 2407 1850 2462 Liberi*
1897 2408 2092 2463 Patris
2131 2406 2324 2462 termi-

372 2498 541 2553 nos²⁵
572 2499 929 2552 transituros
948 2497 1123 2568 illos3
1155 2497 1288 2569 regi
1308 2513 1438 2568 sue,
1461 2513 1646 2568 parvo
1678 2497 1998 2568 impendio,
2032 2497 2319 2551 immorta-

372 2586 595 2643 litatem
633 2585 804 2641 famae
851 2587 1117 2642 daturos,
1159 2585 1505 2641 Paterentur
1548 2601 1615 2640 se
1660 2601 1733 2640 ex
1773 2585 1940 2639 India
1968 2586 2183 2654 redire,
2210 2597 2318 2636 non

373 2675 583 2748 fugere
623 2699 675 2731 »0

444 2762 649 2819 Omnis
682 2765 1012 2832 multitude,
1055 2771 1111 2818 et
1147 2764 1404 2827 maxime
1433 2762 1728 2832 militaria,
1768 2762 1977 2816 mobili
2007 2763 2222 2831 impetu
2247 2756 2316 2811 ef-

375 2850 559 2907 fertur
591 2871 602 2909 :
638 2853 716 2906 ita
747 2852 1063 2909 seditionis
1090 2866 1214 2907 non
1235 2851 1498 2906 remedia
1522 2867 1698 2922 quam
1727 2849 2020 2921 principia
2042 2850 2082 2877 ²⁸
2108 2848 2314 2919 majora

427 3084 500 3131 20.
533 3083 820 3128 Discrimina.
851 3081 924 3128 Cr.
957 3085 1030 3142 lv,
1055 3093 1124 3136 lx,
1143 3087 1249 3125 note
1276 3084 1343 3126 33.

427 3151 497 3191 21.
527 3146 863 3200 Τναπεηιὶιεενε,
910 3155 1028 3199 pour
1070 3144 1427 3200 praetermittere,
1471 3143 1703 3197 omittere,
1731 3142 1855 3186 n‘est
1904 3153 1991 3198 pas
2025 3142 2082 3186 de
2120 3138 2308 3193 l’epoque

375 3208 630 3263 classique.

426 3275 496 3313 22.
526 3269 717 3320 Finiase,
738 3278 894 3312 crase.

427 3331 502 3374 23.
541 3328 609 3380 Ue,
648 3327 676 3368 a
706 3339 931 3381 supposer
957 3341 1064 3384 que.

429 3388 496 3430 24·
529 3385 789 3436 Galioz’nem.
825 3387 886 3429 lls
922 3399 974 3432 se
993 3391 1173 3434 croient
1196 3390 1437 3435 enti-alnes
1455 3400 1539 3446 par
1560 3388 1665 3435 dela
1693 3390 1740 3436 le
1764 3401 1903 3435 com-s
1926 3390 2010 3436 des
2035 3391 2170 3432 astres
2191 3385 2233 3425 et
2247 3377 2297 3422 du

381 3446 528 3496 soleil,
550 3448 678 3487 extra
703 3445 852 3487 sidera
879 3452 923 3490 et
949 3451 1108 3498 solem.

431 3511 507 3549 25.
542 3505 780 3546 Ter-minoe.
811 3509 930 3550 Nous
957 3521 1098 3554 avons
1118 3523 1179 3555 vu
1209 3513 1253 3556 la
1284 3514 1437 3559 meme
1456 3513 1597 3560 chose
1628 3525 1689 3560 en
1709 3515 1971 3560 Bactriano.

432 3566 510 3610 26.
540 3565 770 3610 Entendez
795 3567 1023 3622 principia
1047 3571 1301 3620 reditionis.
