2517 3975
539 251 931 292 msa-omnam:
967 248 1300 289 AnnxAnnm
1336 250 1458 305 vm,
1498 252 1620 289 vm.
1905 292 1908 296 ,
1956 237 2063 300 287

114 362 251 426 mihi
281 362 625 438 permittunt
652 362 737 415 uti
770 360 1010 431 ingenio
1032 360 1053 386 ⁶
1085 375 1248 429 meo,
1283 375 1458 430 quam
1504 361 1665 414 mitis
1704 361 1818 414 sim
1845 392 1916 399 —
1945 378 2066 418 nou

112 439 402 523 ignoratis
447 479 520 489 —
562 463 1020 504 commemorare
1085 462 1514 516 supervacuum
1570 451 1679 502 est.
1749 448 2066 504 Hermolao
2121 458 2155 510 5

112 539 538 609 parricidarum
552 538 569 564 '¹
591 537 882 608 supplicia
900 553 1020 592 non
1039 535 1297 607 probari,
1318 552 1450 589 cum
1472 537 1674 592 eadem
1696 538 1823 610 ipse
1844 554 2072 594 merue-

116 628 206 698 rit,
234 627 476 680 minime
521 625 758 679 hercule
808 624 1082 678 admiror.
1132 623 1283 676 Nam
1332 639 1465 678 cum
1509 624 1962 690 Parmenionem
2016 628 2075 680 et

115 716 404 770 Philotam
464 713 690 778 laudat,
750 728 874 767 suae
932 712 1118 766 servit
1182 727 1375 767 causae
1399 754 1413 767 .
1478 712 1830 783 Lyncestem
1856 715 1876 741 ⁸
1930 730 2073 770 vero
2128 724 2164 778 6

120 803 514 860 Alexandrum
562 803 660 858 bis
706 800 1048 874 insidiatum
1095 801 1273 871 capiti
1317 814 1447 855 meo
1477 801 1744 874 liberavi,
1775 818 1988 857 rursus
2021 801 2077 875 [a

122 892 350 948 duobus
378 885 695 963 indicibus]
726 889 1059 943 convictum
1088 904 1198 958 per
1241 889 1564 943 triennium
1612 894 1809 945 tamen
1853 891 2075 959 distuli,

121 979 305 1036 donec
331 995 441 1033 vos
476 976 897 1048 postularetis⁰
933 979 995 1030 ut
1030 974 1266 1030 tandem
1312 976 1508 1031 debito
1555 979 1843 1049 supplicio
1884 980 2079 1038 scelus

121 1069 323 1125 lueret.
353 1067 633 1133 Attalum,
665 1069 975 1137 antequam
1003 1081 1114 1120 rex
1159 1080 1357 1120 essem
1376 1065 1436 1134 ¹⁰,
1471 1066 1698 1122 hostem
1744 1084 1875 1123 meo
1904 1068 2083 1139 capiti
2136 1077 2169 1132 7

119 1157 306 1220 fuisse
359 1155 741 1212 meministiS.
791 1154 977 1209 Clitus
1030 1154 1254 1208 utinam
1303 1170 1426 1209 non
1480 1157 1784 1227 coegisset
1829 1173 1922 1211 me
1970 1157 2085 1211 sibi

123 1244 338 1306 irasci!
379 1244 554 1317 cujus
604 1245 977 1300 temerariam
1006 1244 1292 1315 linguam,
1324 1243 1543 1315 probra
1575 1245 1827 1301 dicentis
1855 1247 2001 1300 mihi
2030 1249 2087 1301 et

123 1335 317 1403 vobiS‚
347 1332 566 1402 diutius
604 1332 730 1399 tuli,
771 1347 947 1404 quam
984 1330 1082 1385 ille
1122 1331 1322 1386 eadem
1360 1347 1453 1386 me
1500 1331 1790 1387 dicentem
1830 1335 2084 1388 tulisset.

184 1422 419 1494 Regum
465 1421 797 1491 ducumque
846 1419 1155 1474 clementia
1201 1420 1409 1474 nonin
1456 1419 1729 1489 ipsorum
1759 1421 1952 1488 modo,
1982 1421 2087 1476 sed

123 1512 292 1567 etiam
337 1510 402 1570 in
440 1508 697 1573 illorum,
735 1508 837 1580 qui
879 1509 1106 1577 parent,
1138 1507 1401 1579 ingeniis
1421 1507 1457 1534 ¹¹
1504 1508 1616 1560 sita
1644 1510 1755 1562 est.
1787 1506 2087 1579 Obsequio

122 1599 471 1672 mitigantur
498 1598 743 1666 imperia
768 1610 780 1649 ε
814 1597 917 1650 ubi
947 1612 1092 1651 vero
1123 1596 1455 1651 reverentia
1486 1598 1744 1651 excessit
1777 1599 1993 1653 animis
2034 1600 2091 1653 et

123 1702 351 1744 summa
390 1685 528 1738 imis
569 1683 849 1738 confundi
876 1683 1169 1753 videmus,
1201 1683 1264 1735 vi
1309 1700 1457 1753 opus
1498 1687 1605 1753 est,
1637 1688 1699 1739 ut
1745 1685 1867 1739 vim
1896 1684 2091 1755 repel-

121 1773 465 1848 lamus.Sed
485 1773 623 1848 quid
647 1790 754 1846 ego
776 1774 960 1827 mirer
982 1774 1161 1827 istum
1180 1773 1582 1828 crudelitatem
1604 1775 1744 1828 mihi
1767 1774 2086 1842 objecisse,

124 1865 220 1936 qui
251 1862 626 1918 avaritiam¹¹
677 1862 1035 1932 exprobrare
1066 1878 1249 1915 ausus
1279 1863 1358 1915 sit
1379 1863 1406 1915 ἱ)
1452 1862 1607 1917 Nolo
1639 1864 1917 1933 singulos
1944 1879 2086 1918 ves-

123 1956 278 2009 trum
309 1952 588 2017 excitare,
621 1966 697 2007 ne
725 1951 984 2006 invisam
1023 1950 1168 2004 mihi
1195 1949 1611 2006 liberalitatem
1637 1967 1827 2006 meam
1856 1950 2086 2018 faciam,

122 2045 174 2101 si
219 2042 441 2115 pudori
476 2044 680 2096 vestro
729 2057 971 2113 gravem
1021 2040 1233 2095 fecem.
1267 2039 1476 2094 Totum
1524 2042 1841 2096 exercitum
1883 2042 2088 2112 adspi-

125 2133 274 2188 cite:
308 2131 411 2203 qui
446 2129 622 2201 paulo
655 2133 788 2185 ante
834 2130 982 2184 nihil
1033 2132 1252 2199 praeter
1286 2144 1448 2182 arma
1499 2128 1773 2198 habebat,
1807 2147 1964 2185 nunc
1991 2147 2088 2185 ar-

124 2222 358 2292 genteis
387 2220 562 2275 cubat
590 2217 761 2274 lectis
778 2218 856 2273 ¹⁸:
888 2234 1128 2274 mensas
1152 2232 1298 2271 auro
1330 2220 1598 2285 onerant,
1624 2233 1935 2274 servorum
1954 2236 2092 2291 gre-

122 2324 232 2380 ges
262 2310 502 2375 ducunt,
538 2308 732 2380 spolia
769 2307 840 2361 de
878 2307 1153 2362 hostibus
1191 2306 1489 2360 sustinere
1526 2320 1644 2360 non
1672 2311 1945 2378 possunt.

192 2399 274 2453 At
300 2399 460 2453 enim
479 2397 520 2425 ¹⁴
558 2397 781 2466 Persae,
815 2413 963 2468 quos
1012 2397 1289 2463 vicimus,
1334 2397 1397 2451 in
1434 2412 1645 2469 magno
1694 2397 1916 2454 honore
1952 2402 2090 2454 sunt

122 2488 282 2560 apud
305 2487 429 2543 mel
462 2485 751 2558 Equidem
787 2487 1179 2541 moderationi
1215 2502 1361 2540 meae
1383 2485 1784 2542 certissimum
1813 2487 2091 2543 indicium

125 2581 239 2648 est,
273 2578 426 2647 quod
474 2592 548 2631 ne
593 2577 768 2633 victis
799 2577 1034 2649 quidem
1078 2577 1333 2646 superbe
1374 2575 1623 2646 imper0.
1665 2576 1814 2632 Veni
1842 2578 2092 2632 enimin

123 2667 350 2732 Asiam,
383 2681 504 2720 non
553 2667 613 2719 ut
658 2663 920 2719 funditus
969 2667 1294 2719 everterem
1343 2667 1572 2735 genteS‚
1605 2680 1714 2718 nec
1759 2667 1821 2720 ut
1850 2666 2093 2721 dimidia

124 2759 292 2827 parte
320 2760 609 2815 terrarum
632 2756 1016 2810 solitudinem
1041 2754 1321 2819 facerem,
1352 2753 1460 2808 sed
1488 2755 1553 2807 ut
1575 2752 1734 2822 illos,
1759 2770 1912 2826 quos
1935 2756 2091 2811 bello

2143 1788 2176 1841 ζ’)

2144 2410 2215 2467 10

125 2845 529 2918 subegissem‚
558 2843 826 2900 victoriae
871 2859 1015 2898 meae
1054 2859 1172 2899 non
1215 2841 1539 2917 paeniteret.
1591 2843 1793 2913 Itaque
1839 2845 2098 2900 militant
2146 2856 2210 2912 11

176 3018 224 3064 6.
255 3020 493 3074 laconiam,
525 3017 779 3064 caractere.

177 3080 231 3125 7.
266 3082 511 3127 Parricida.
544 3081 640 3134 Cr„
663 3091 744 3125 sur
773 3091 828 3124 ce
856 3083 966 3135 mot,
996 3080 1075 3136 111,
1105 3090 1169 3131 w,
1203 3083 1311 3125 note
1338 3080 1412 3125 10.

177 3145 226 3189 8.
261 3143 507 3198 Lyncestes.
528 3143 602 3188 cf.
630 3146 721 3198 Vll,
743 3154 775 3197 1,
796 3143 838 3187 6.
1021 3146 1025 3150 ’

177 3206 236 3253 9.
269 3206 408 3250 Donec
434 3217 547 3251 avec
580 3206 625 3250 le
656 3204 935 3261 subjonctif3
968 3216 1026 3249 on
1064 3206 1275 3261 exprime
1299 3215 1393 3250 une
1428 3203 1533 3257 ἰῶο
1567 3206 1624 3250 de
1664 3207 1764 3266 but,
1803 3209 1859 3253 de
1886 3209 2089 3256 dessein.

52 3284 55 3295 ·
119 3270 197 3315 Cf.
237 3269 309 3323 lv,
333 3281 411 3321 vu,
438 3272 507 3314 31.

175 3334 261 3375 10.
294 3330 532 3388 Antequam
558 3341 674 3375 avec
700 3330 747 3374 le
776 3330 1048 3386 subjunctif.
1082 3330 1154 3377 Cf.
1180 3334 1252 3387 111,
1274 3341 1356 3388 vn,
1376 3334 1484 3376 note
1510 3331 1585 3377 26.

180 3395 266 3437 11.
297 3392 504 3449 Inventis,
529 3393 810 3438 caracteres.

181 3457 267 3500 12.
299 3455 560 3500 Avaritiam.
587 3456 660 3500 cf.
694 3459 805 3510 vm,
831 3467 911 3508 vn,
933 3463 1000 3501 1¹.

185 3521 267 3563 13.
290 3518 518 3574 Arqenteic
548 3518 693 3573 lectis,
719 3518 800 3561 des
827 3517 907 3562 lits
935 3519 993 3564 de
1014 3520 1156 3563 table.

189 3579 272 3623 14.
302 3582 361 3625 At
387 3582 521 3638 enim,
544 3579 665 3623 mais
691 3580 940 3624 dira-t-on.
968 3582 1180 3627 Formule
1207 3582 1509 3645 d’objectiorr.
1530 3634 1535 3638 ,
