<?xml version="1.0" encoding="UTF-8"?>
<!DOCTYPE html PUBLIC "-//W3C//DTD XHTML 1.0 Transitional//EN"
    "http://www.w3.org/TR/xhtml1/DTD/xhtml1-transitional.dtd">
<html xmlns="http://www.w3.org/1999/xhtml" xml:lang="en" lang="en">
 <head>
  <title>
</title>
<meta http-equiv="Content-Type" content="text/html;charset=utf-8" />
  <meta name='ocr-system' content='tesseract 3.04.00' />
  <meta name='ocr-capabilities' content='ocr_page ocr_carea ocr_par ocr_line ocrx_word'/>
</head>
<body>
  <div class='ocr_page' id='page_1' title='image "./qcurtirufihisto00brelgoog_0168.png"; bbox 0 0 2517 3975; ppageno 0'>
   <div class='ocr_carea' id='block_1_1' title="bbox 366 727 434 785">
    <p class='ocr_par' dir='ltr' id='par_1_1' title="bbox 366 727 434 785">
     <span class='ocr_line' id='line_1_1' title="bbox 366 727 434 785; baseline 0 0"><span class='ocrx_word' id='word_1_1' title='bbox 366 727 434 785; x_wconf 89' lang='lat'><strong>18</strong></span> 
     </span>
    </p>
   </div>
   <div class='ocr_carea' id='block_1_2' title="bbox 366 907 434 961">
    <p class='ocr_par' dir='ltr' id='par_1_2' title="bbox 366 907 434 961">
     <span class='ocr_line' id='line_1_2' title="bbox 366 907 434 961; baseline 0 0"><span class='ocrx_word' id='word_1_2' title='bbox 366 907 434 961; x_wconf 87' lang='grc'><strong>19</strong></span> 
     </span>
    </p>
   </div>
   <div class='ocr_carea' id='block_1_3' title="bbox 367 1083 436 1139">
    <p class='ocr_par' dir='ltr' id='par_1_3' title="bbox 367 1083 436 1139">
     <span class='ocr_line' id='line_1_3' title="bbox 367 1083 436 1139; baseline 0.014 -1"><span class='ocrx_word' id='word_1_3' title='bbox 367 1083 436 1139; x_wconf 72' lang='lat'><strong>20</strong></span> 
     </span>
    </p>
   </div>
   <div class='ocr_carea' id='block_1_4' title="bbox 408 2499 441 2553">
    <p class='ocr_par' dir='ltr' id='par_1_4' title="bbox 408 2499 441 2553">
     <span class='ocr_line' id='line_1_4' title="bbox 408 2499 441 2553; textangle 90"><span class='ocrx_word' id='word_1_4' title='bbox 408 2499 441 2553; x_wconf 69' lang='grc' dir='ltr'><strong>[θ</strong></span> 
     </span>
    </p>
   </div>
   <div class='ocr_carea' id='block_1_5' title="bbox 489 228 1697 307">
    <p class='ocr_par' dir='ltr' id='par_1_5' title="bbox 489 228 1697 307">
     <span class='ocr_line' id='line_1_5' title="bbox 489 228 1697 307; baseline -0.003 -3"><span class='ocrx_word' id='word_1_5' title='bbox 489 250 595 305; x_wconf 79' lang='grc'><strong>144</strong></span> <span class='ocrx_word' id='word_1_6' title='bbox 1255 228 1326 307; x_wconf 45' lang='lat' dir='ltr'><strong>Q.&#39;</strong></span> <span class='ocrx_word' id='word_1_7' title='bbox 1352 262 1525 301; x_wconf 75' lang='lat' dir='ltr'><strong>cun‘rr</strong></span> <span class='ocrx_word' id='word_1_8' title='bbox 1560 263 1697 301; x_wconf 75' lang='lat' dir='ltr'><strong>num</strong></span> 
     </span>
    </p>
   </div>
   <div class='ocr_carea' id='block_1_6' title="bbox 485 363 2440 1234">
    <p class='ocr_par' dir='ltr' id='par_1_6' title="bbox 485 363 2440 1234">
     <span class='ocr_line' id='line_1_6' title="bbox 485 363 2389 442; baseline -0.007 -14"><span class='ocrx_word' id='word_1_9' title='bbox 485 373 562 428; x_wconf 86' lang='lat' dir='ltr'><strong>tis</strong></span> <span class='ocrx_word' id='word_1_10' title='bbox 589 371 647 424; x_wconf 91' lang='lat' dir='ltr'><strong>in</strong></span> <span class='ocrx_word' id='word_1_11' title='bbox 679 371 1050 441; x_wconf 87' lang='lat' dir='ltr'><strong>potestatem,</strong></span> <span class='ocrx_word' id='word_1_12' title='bbox 1083 372 1323 424; x_wconf 84' lang='lat' dir='ltr'><strong>ventum</strong></span> <span class='ocrx_word' id='word_1_13' title='bbox 1351 373 1441 423; x_wconf 79' lang='lat' dir='ltr'><strong>est</strong></span> <span class='ocrx_word' id='word_1_14' title='bbox 1482 369 1547 423; x_wconf 91' lang='lat' dir='ltr'><strong>in</strong></span> <span class='ocrx_word' id='word_1_15' title='bbox 1584 370 1977 425; x_wconf 82' lang='lat' dir='ltr'><strong>Mardornm¹⁸</strong></span> <span class='ocrx_word' id='word_1_16' title='bbox 2014 370 2229 442; x_wconf 83' lang='lat' dir='ltr'><strong>gentem</strong></span> <span class='ocrx_word' id='word_1_17' title='bbox 2251 363 2389 419; x_wconf 88' lang='lat' dir='ltr'><strong>belli-</strong></span> 
     </span>
     <span class='ocr_line' id='line_1_7' title="bbox 487 456 2388 516; baseline -0.006 -1"><span class='ocrx_word' id='word_1_18' title='bbox 487 475 687 516; x_wconf 81' lang='lat' dir='ltr'><strong>cosam</strong></span> <span class='ocrx_word' id='word_1_19' title='bbox 718 461 776 513; x_wconf 87' lang='lat' dir='ltr'><strong>et</strong></span> <span class='ocrx_word' id='word_1_20' title='bbox 814 459 1056 512; x_wconf 88' lang='lat' dir='ltr'><strong>multum</strong></span> <span class='ocrx_word' id='word_1_21' title='bbox 1089 475 1121 511; x_wconf 89' lang='lat' dir='ltr'><strong>a</strong></span> <span class='ocrx_word' id='word_1_22' title='bbox 1151 458 1366 513; x_wconf 86' lang='lat' dir='ltr'><strong>ceteris</strong></span> <span class='ocrx_word' id='word_1_23' title='bbox 1417 457 1620 512; x_wconf 87' lang='lat' dir='ltr'><strong>Persis</strong></span> <span class='ocrx_word' id='word_1_24' title='bbox 1648 459 1807 513; x_wconf 89' lang='lat' dir='ltr'><strong>cultu</strong></span> <span class='ocrx_word' id='word_1_25' title='bbox 1837 461 1975 513; x_wconf 86' lang='lat' dir='ltr'><strong>vitae</strong></span> <span class='ocrx_word' id='word_1_26' title='bbox 2013 456 2388 512; x_wconf 78' lang='lat' dir='ltr'><strong>abhorrentem.</strong></span> 
     </span>
     <span class='ocr_line' id='line_1_8' title="bbox 487 542 2392 619; baseline -0.006 -16"><span class='ocrx_word' id='word_1_27' title='bbox 487 549 713 619; x_wconf 76' lang='lat' dir='ltr'><strong>Specus</strong></span> <span class='ocrx_word' id='word_1_28' title='bbox 741 548 804 601; x_wconf 91' lang='lat' dir='ltr'><strong>in</strong></span> <span class='ocrx_word' id='word_1_29' title='bbox 839 546 1144 602; x_wconf 87' lang='lat' dir='ltr'><strong>montibus</strong></span> <span class='ocrx_word' id='word_1_30' title='bbox 1189 546 1436 615; x_wconf 85' lang='lat' dir='ltr'><strong>fodiunt,</strong></span> <span class='ocrx_word' id='word_1_31' title='bbox 1469 548 1529 600; x_wconf 90' lang='lat' dir='ltr'><strong>in</strong></span> <span class='ocrx_word' id='word_1_32' title='bbox 1576 562 1726 616; x_wconf 91' lang='lat' dir='ltr'><strong>quos</strong></span> <span class='ocrx_word' id='word_1_33' title='bbox 1764 563 1945 618; x_wconf 81' lang='lat' dir='ltr'><strong>seque</strong></span> <span class='ocrx_word' id='word_1_34' title='bbox 1974 562 2035 602; x_wconf 86' lang='lat' dir='ltr'><strong>ac</strong></span> <span class='ocrx_word' id='word_1_35' title='bbox 2080 543 2331 614; x_wconf 80' lang='lat' dir='ltr'><strong>conjuges</strong></span> <span class='ocrx_word' id='word_1_36' title='bbox 2352 542 2392 593; x_wconf 87' lang='lat' dir='ltr'><strong>et</strong></span> 
     </span>
     <span class='ocr_line' id='line_1_9' title="bbox 487 632 2388 699; baseline -0.006 -7"><span class='ocrx_word' id='word_1_37' title='bbox 487 637 708 692; x_wconf 85' lang='lat' dir='ltr'><strong>liberos</strong></span> <span class='ocrx_word' id='word_1_38' title='bbox 740 635 1025 690; x_wconf 88' lang='lat' dir='ltr'><strong>condunt.</strong></span> <span class='ocrx_word' id='word_1_39' title='bbox 1078 635 1363 689; x_wconf 86' lang='lat' dir='ltr'><strong>Pecorum</strong></span> <span class='ocrx_word' id='word_1_40' title='bbox 1403 637 1501 689; x_wconf 87' lang='lat' dir='ltr'><strong>aut</strong></span> <span class='ocrx_word' id='word_1_41' title='bbox 1539 635 1797 690; x_wconf 85' lang='lat' dir='ltr'><strong>ferarum</strong></span> <span class='ocrx_word' id='word_1_42' title='bbox 1835 635 2061 699; x_wconf 71' lang='lat' dir='ltr'><strong>car,ne¹⁷</strong></span> <span class='ocrx_word' id='word_1_43' title='bbox 2096 632 2388 688; x_wconf 83' lang='lat' dir='ltr'><strong>vescuntur.</strong></span> 
     </span>
     <span class='ocr_line' id='line_1_10' title="bbox 488 717 2393 794; baseline -0.006 -14"><span class='ocrx_word' id='word_1_44' title='bbox 488 725 577 780; x_wconf 89' lang='lat' dir='ltr'><strong>Ne</strong></span> <span class='ocrx_word' id='word_1_45' title='bbox 616 725 854 780; x_wconf 86' lang='lat' dir='ltr'><strong>feminis</strong></span> <span class='ocrx_word' id='word_1_46' title='bbox 885 724 1122 794; x_wconf 88' lang='lat' dir='ltr'><strong>quidem</strong></span> <span class='ocrx_word' id='word_1_47' title='bbox 1161 739 1265 794; x_wconf 87' lang='lat' dir='ltr'><strong>pro</strong></span> <span class='ocrx_word' id='word_1_48' title='bbox 1316 724 1595 778; x_wconf 80' lang='lat' dir='ltr'><strong>naturae¹⁸</strong></span> <span class='ocrx_word' id='word_1_49' title='bbox 1646 724 1851 778; x_wconf 88' lang='lat' dir='ltr'><strong>habitu</strong></span> <span class='ocrx_word' id='word_1_50' title='bbox 1895 722 2153 778; x_wconf 80' lang='lat' dir='ltr'>molliora</span> <span class='ocrx_word' id='word_1_51' title='bbox 2200 717 2393 790; x_wconf 84' lang='lat' dir='ltr'><strong>ingenia</strong></span> 
     </span>
     <span class='ocr_line' id='line_1_11' title="bbox 488 808 2440 883; baseline -0.006 -13"><span class='ocrx_word' id='word_1_52' title='bbox 488 818 628 870; x_wconf 84' lang='lat' dir='ltr'><strong>sunt</strong></span> <span class='ocrx_word' id='word_1_53' title='bbox 659 830 671 869; x_wconf 94' lang='lat'><strong>:</strong></span> <span class='ocrx_word' id='word_1_54' title='bbox 707 830 891 869; x_wconf 78' lang='lat' dir='ltr'><strong>comae</strong></span> <span class='ocrx_word' id='word_1_55' title='bbox 950 814 1283 883; x_wconf 81' lang='lat' dir='ltr'>prominent</span> <span class='ocrx_word' id='word_1_56' title='bbox 1339 812 1532 882; x_wconf 87' lang='lat' dir='ltr'><strong>hirtae,</strong></span> <span class='ocrx_word' id='word_1_57' title='bbox 1593 814 1783 868; x_wconf 88' lang='lat' dir='ltr'><strong>vestis</strong></span> <span class='ocrx_word' id='word_1_58' title='bbox 1841 829 2023 883; x_wconf 84' lang='lat' dir='ltr'><strong>super</strong></span> <span class='ocrx_word' id='word_1_59' title='bbox 2076 826 2254 881; x_wconf 82' lang='lat' dir='ltr'><strong>genua</strong></span> <span class='ocrx_word' id='word_1_60' title='bbox 2300 808 2387 861; x_wconf 76' lang='lat' dir='ltr'><strong>est.</strong></span> <span class='ocrx_word' id='word_1_61' title='bbox 2435 838 2440 847; x_wconf 84' lang='lat'><strong>·</strong></span> 
     </span>
     <span class='ocr_line' id='line_1_12' title="bbox 489 886 2397 970; baseline -0.006 -11"><span class='ocrx_word' id='word_1_62' title='bbox 489 903 729 959; x_wconf 88' lang='lat' dir='ltr'><strong>Funda*</strong></span> <span class='ocrx_word' id='word_1_63' title='bbox 763 886 1026 957; x_wconf 83' lang='lat' dir='ltr'><strong>vinciunt</strong></span> <span class='ocrx_word' id='word_1_64' title='bbox 1062 902 1315 956; x_wconf 80' lang='lat' dir='ltr'><strong>frontem</strong></span> <span class='ocrx_word' id='word_1_65' title='bbox 1341 919 1352 955; x_wconf 90' lang='lat'><strong>:</strong></span> <span class='ocrx_word' id='word_1_66' title='bbox 1389 901 1498 956; x_wconf 90' lang='lat' dir='ltr'><strong>hoc</strong></span> <span class='ocrx_word' id='word_1_67' title='bbox 1527 904 1582 955; x_wconf 91' lang='lat' dir='ltr'><strong>et</strong></span> <span class='ocrx_word' id='word_1_68' title='bbox 1611 906 2025 956; x_wconf 76' lang='lat' dir='ltr'><strong>ornamentum</strong></span> <span class='ocrx_word' id='word_1_69' title='bbox 2053 900 2247 970; x_wconf 86' lang='lat' dir='ltr'><strong>capitis</strong></span> <span class='ocrx_word' id='word_1_70' title='bbox 2272 899 2318 952; x_wconf 83' lang='lat' dir='ltr'><strong>et</strong></span> <span class='ocrx_word' id='word_1_71' title='bbox 2339 899 2397 948; x_wconf 88' lang='lat' dir='ltr'><strong>te·</strong></span> 
     </span>
     <span class='ocr_line' id='line_1_13' title="bbox 489 987 2396 1061; baseline -0.006 -14"><span class='ocrx_word' id='word_1_72' title='bbox 489 992 649 1047; x_wconf 85' lang='lat' dir='ltr'><strong>lum*</strong></span> <span class='ocrx_word' id='word_1_73' title='bbox 681 994 788 1046; x_wconf 87' lang='lat' dir='ltr'><strong>est.</strong></span> <span class='ocrx_word' id='word_1_74' title='bbox 824 990 941 1045; x_wconf 85' lang='lat' dir='ltr'><strong>Sed</strong></span> <span class='ocrx_word' id='word_1_75' title='bbox 968 991 1118 1044; x_wconf 84' lang='lat' dir='ltr'><strong>hanc</strong></span> <span class='ocrx_word' id='word_1_76' title='bbox 1163 1005 1394 1060; x_wconf 85' lang='lat' dir='ltr'><strong>quoque</strong></span> <span class='ocrx_word' id='word_1_77' title='bbox 1427 994 1664 1061; x_wconf 77' lang='lat' dir='ltr'><strong>gentem</strong></span> <span class='ocrx_word' id='word_1_78' title='bbox 1709 990 1865 1044; x_wconf 90' lang='lat' dir='ltr'><strong>idem</strong></span> <span class='ocrx_word' id='word_1_79' title='bbox 1908 989 2161 1044; x_wconf 81' lang='lat' dir='ltr'><strong>fortunae</strong></span> <span class='ocrx_word' id='word_1_80' title='bbox 2196 987 2396 1055; x_wconf 77' lang='lat' dir='ltr'><strong>impetus</strong></span> 
     </span>
     <span class='ocr_line' id='line_1_14' title="bbox 490 1075 2401 1148; baseline -0.005 -13"><span class='ocrx_word' id='word_1_81' title='bbox 490 1081 727 1135; x_wconf 83' lang='lat' dir='ltr'><strong>domuit.</strong></span> <span class='ocrx_word' id='word_1_82' title='bbox 763 1080 983 1148; x_wconf 86' lang='lat' dir='ltr'><strong>ltaque,</strong></span> <span class='ocrx_word' id='word_1_83' title='bbox 1018 1079 1313 1132; x_wconf 88' lang='lat' dir='ltr'><strong>tricesimo</strong></span> <span class='ocrx_word' id='word_1_84' title='bbox 1358 1079 1451 1132; x_wconf 88' lang='lat' dir='ltr'><strong>die</strong></span> <span class='ocrx_word' id='word_1_85' title='bbox 1498 1083 1808 1148; x_wconf 78' lang='lat' dir='ltr'><strong>postquam</strong></span> <span class='ocrx_word' id='word_1_86' title='bbox 1855 1094 1890 1132; x_wconf 88' lang='lat' dir='ltr'><strong>a</strong></span> <span class='ocrx_word' id='word_1_87' title='bbox 1939 1075 2401 1147; x_wconf 80' lang='lat' dir='ltr'><strong>Persepoli¹⁹pro-</strong></span> 
     </span>
     <span class='ocr_line' id='line_1_15' title="bbox 491 1164 2399 1234; baseline -0.006 -11"><span class='ocrx_word' id='word_1_88' title='bbox 491 1169 681 1223; x_wconf 85' lang='lat' dir='ltr'><strong>fectus</strong></span> <span class='ocrx_word' id='word_1_89' title='bbox 711 1171 854 1234; x_wconf 87' lang='lat' dir='ltr'><strong>erat,</strong></span> <span class='ocrx_word' id='word_1_90' title='bbox 898 1167 1104 1222; x_wconf 90' lang='lat' dir='ltr'><strong>eodem</strong></span> <span class='ocrx_word' id='word_1_91' title='bbox 1140 1168 1339 1221; x_wconf 82' lang='lat' dir='ltr'><strong>rediit.</strong></span> <span class='ocrx_word' id='word_1_92' title='bbox 1405 1168 1574 1222; x_wconf 89' lang='lat' dir='ltr'><strong>Dona</strong></span> <span class='ocrx_word' id='word_1_93' title='bbox 1621 1167 1832 1223; x_wconf 91' lang='lat' dir='ltr'><strong>deinde</strong></span> <span class='ocrx_word' id='word_1_94' title='bbox 1881 1168 2090 1223; x_wconf 88' lang='lat' dir='ltr'><strong>amicis</strong></span> <span class='ocrx_word' id='word_1_95' title='bbox 2130 1164 2399 1230; x_wconf 80' lang='lat' dir='ltr'><strong>ceterisque</strong></span> 
     </span>
    </p>
   </div>
   <div class='ocr_carea' id='block_1_7' title="bbox 491 1252 2401 1416">
    <p class='ocr_par' dir='ltr' id='par_1_7' title="bbox 491 1252 2401 1416">
     <span class='ocr_line' id='line_1_16' title="bbox 491 1252 2401 1328; baseline -0.005 -17"><span class='ocrx_word' id='word_1_96' title='bbox 491 1272 600 1328; x_wconf 88' lang='lat' dir='ltr'><strong>pro</strong></span> <span class='ocrx_word' id='word_1_97' title='bbox 631 1257 918 1328; x_wconf 84' lang='lat' dir='ltr'><strong>cujusque</strong></span> <span class='ocrx_word' id='word_1_98' title='bbox 946 1258 1149 1310; x_wconf 87' lang='lat' dir='ltr'><strong>merito</strong></span> <span class='ocrx_word' id='word_1_99' title='bbox 1182 1257 1338 1311; x_wconf 81' lang='lat' dir='ltr'>dedit</span> <span class='ocrx_word' id='word_1_100' title='bbox 1365 1275 1376 1310; x_wconf 92' lang='lat'>:</span> <span class='ocrx_word' id='word_1_101' title='bbox 1415 1256 1842 1327; x_wconf 81' lang='lat' dir='ltr'><strong>propemodum</strong></span> <span class='ocrx_word' id='word_1_102' title='bbox 1878 1257 2093 1323; x_wconf 89' lang='lat' dir='ltr'><strong>omnia,</strong></span> <span class='ocrx_word' id='word_1_103' title='bbox 2125 1252 2320 1326; x_wconf 83' lang='lat' dir='ltr'><strong>quaein</strong></span> <span class='ocrx_word' id='word_1_104' title='bbox 2354 1264 2401 1303; x_wconf 82' lang='lat' dir='ltr'><strong>ea</strong></span> 
     </span>
     <span class='ocr_line' id='line_1_17' title="bbox 492 1345 1289 1416; baseline 0 -16"><span class='ocrx_word' id='word_1_105' title='bbox 492 1346 639 1401; x_wconf 82' lang='lat' dir='ltr'><strong>urbe</strong></span> <span class='ocrx_word' id='word_1_106' title='bbox 663 1349 918 1416; x_wconf 79' lang='lat' dir='ltr'><strong>ceperat,</strong></span> <span class='ocrx_word' id='word_1_107' title='bbox 951 1345 1289 1400; x_wconf 81' lang='lat' dir='ltr'><strong>distributa.</strong></span> 
     </span>
    </p>
   </div>
   <div class='ocr_carea' id='block_1_8' title="bbox 1292 1602 1686 1659">
    <p class='ocr_par' dir='ltr' id='par_1_8' title="bbox 1292 1602 1686 1659">
     <span class='ocr_line' id='line_1_18' title="bbox 1292 1602 1686 1659; baseline -0.008 0"><span class='ocrx_word' id='word_1_108' title='bbox 1292 1602 1540 1659; x_wconf 87' lang='lat' dir='ltr'><strong>CAPUT</strong></span> <span class='ocrx_word' id='word_1_109' title='bbox 1581 1603 1686 1658; x_wconf 90' lang='lat' dir='ltr'><strong>VII</strong></span> 
     </span>
    </p>
   </div>
   <div class='ocr_carea' id='block_1_9' title="bbox 815 1749 2155 1813">
    <p class='ocr_par' dir='ltr' id='par_1_9' title="bbox 815 1749 2155 1813">
     <span class='ocr_line' id='line_1_19' title="bbox 815 1749 2155 1813; baseline 0.003 -16"><span class='ocrx_word' id='word_1_110' title='bbox 815 1749 1054 1798; x_wconf 86' lang='lat' dir='ltr'><strong>Incendie</strong></span> <span class='ocrx_word' id='word_1_111' title='bbox 1089 1750 1149 1798; x_wconf 89' lang='lat' dir='ltr'><strong>de</strong></span> <span class='ocrx_word' id='word_1_112' title='bbox 1185 1749 1511 1813; x_wconf 76' lang='lat' dir='ltr'><strong>Persepolis,</strong></span> <span class='ocrx_word' id='word_1_113' title='bbox 1547 1778 1608 1788; x_wconf 92' lang='lat'><strong>—</strong></span> <span class='ocrx_word' id='word_1_114' title='bbox 1639 1751 1826 1801; x_wconf 71' lang='lat' dir='ltr'><strong>Entree</strong></span> <span class='ocrx_word' id='word_1_115' title='bbox 1860 1767 1923 1801; x_wconf 90' lang='lat' dir='ltr'><strong>en</strong></span> <span class='ocrx_word' id='word_1_116' title='bbox 1960 1752 2155 1803; x_wconf 74' lang='lat' dir='ltr'><strong>Medic.</strong></span> 
     </span>
    </p>
   </div>
   <div class='ocr_carea' id='block_1_10' title="bbox 1209 1882 1759 1941">
    <p class='ocr_par' dir='ltr' id='par_1_10' title="bbox 1209 1882 1759 1941">
     <span class='ocr_line' id='line_1_20' title="bbox 1209 1882 1759 1941; baseline 0.013 -16"><span class='ocrx_word' id='word_1_117' title='bbox 1209 1882 1603 1939; x_wconf 72' lang='lat' dir='ltr'><strong>(Printemps-ete‚</strong></span> <span class='ocrx_word' id='word_1_118' title='bbox 1634 1884 1759 1941; x_wconf 86' lang='lat'><strong>330.)</strong></span> 
     </span>
    </p>
   </div>
   <div class='ocr_carea' id='block_1_11' title="bbox 496 2044 2419 2382">
    <p class='ocr_par' dir='ltr' id='par_1_11' title="bbox 496 2044 2419 2382">
     <span class='ocr_line' id='line_1_21' title="bbox 566 2044 2413 2119; baseline -0.003 -18"><span class='ocrx_word' id='word_1_119' title='bbox 566 2044 839 2102; x_wconf 87' lang='lat' dir='ltr'><strong>Ceterum</strong></span> <span class='ocrx_word' id='word_1_120' title='bbox 870 2044 1136 2115; x_wconf 83' lang='lat' dir='ltr'><strong>ingentia</strong></span> <span class='ocrx_word' id='word_1_121' title='bbox 1166 2045 1349 2099; x_wconf 90' lang='lat' dir='ltr'><strong>animi</strong></span> <span class='ocrx_word' id='word_1_122' title='bbox 1380 2047 1582 2113; x_wconf 85' lang='lat' dir='ltr'><strong>bona¹‚</strong></span> <span class='ocrx_word' id='word_1_123' title='bbox 1616 2048 1776 2101; x_wconf 87' lang='lat' dir='ltr'><strong>illam</strong></span> <span class='ocrx_word' id='word_1_124' title='bbox 1808 2047 2090 2115; x_wconf 89' lang='lat' dir='ltr'><strong>indolem,</strong></span> <span class='ocrx_word' id='word_1_125' title='bbox 2124 2063 2234 2119; x_wconf 91' lang='lat' dir='ltr'><strong>qua</strong></span> <span class='ocrx_word' id='word_1_126' title='bbox 2258 2052 2413 2099; x_wconf 84' lang='lat' dir='ltr'><strong>omnes</strong></span> 
     </span>
     <span class='ocr_line' id='line_1_22' title="bbox 497 2132 2412 2206; baseline -0.004 -18"><span class='ocrx_word' id='word_1_127' title='bbox 497 2150 673 2206; x_wconf 84' lang='lat' dir='ltr'><strong>reges</strong></span> <span class='ocrx_word' id='word_1_128' title='bbox 716 2133 1052 2201; x_wconf 83' lang='lat' dir='ltr'><strong>antecessit,</strong></span> <span class='ocrx_word' id='word_1_129' title='bbox 1088 2133 1246 2186; x_wconf 88' lang='lat' dir='ltr'><strong>illam</strong></span> <span class='ocrx_word' id='word_1_130' title='bbox 1294 2134 1353 2185; x_wconf 90' lang='lat' dir='ltr'><strong>in</strong></span> <span class='ocrx_word' id='word_1_131' title='bbox 1394 2134 1723 2195; x_wconf 73' lang='lat' dir='ltr'><strong>subeundis</strong></span> <span class='ocrx_word' id='word_1_132' title='bbox 1753 2136 2034 2205; x_wconf 87' lang='lat' dir='ltr'><strong>periculis</strong></span> <span class='ocrx_word' id='word_1_133' title='bbox 2062 2132 2412 2192; x_wconf 82' lang='lat' dir='ltr'><strong>constantiam,</strong></span> 
     </span>
     <span class='ocr_line' id='line_1_23' title="bbox 497 2214 2418 2293; baseline -0.003 -16"><span class='ocrx_word' id='word_1_134' title='bbox 497 2224 558 2277; x_wconf 91' lang='lat' dir='ltr'><strong>in</strong></span> <span class='ocrx_word' id='word_1_135' title='bbox 588 2224 770 2277; x_wconf 88' lang='lat' dir='ltr'><strong>rebus</strong></span> <span class='ocrx_word' id='word_1_136' title='bbox 798 2221 1108 2275; x_wconf 86' lang='lat' dir='ltr'><strong>moliendis</strong></span> <span class='ocrx_word' id='word_1_137' title='bbox 1139 2221 1585 2291; x_wconf 77' lang='lat' dir='ltr'><strong>efficiendisque</strong></span> <span class='ocrx_word' id='word_1_138' title='bbox 1616 2224 2012 2293; x_wconf 83' lang='lat' dir='ltr'><strong>velocitatem,</strong></span> <span class='ocrx_word' id='word_1_139' title='bbox 2047 2227 2110 2279; x_wconf 91' lang='lat' dir='ltr'><strong>in</strong></span> <span class='ocrx_word' id='word_1_140' title='bbox 2156 2221 2354 2277; x_wconf 87' lang='lat' dir='ltr'><strong>deditos</strong></span> <span class='ocrx_word' id='word_1_141' title='bbox 2377 2214 2418 2268; x_wconf 87' lang='lat' dir='ltr'><strong>fi-</strong></span> 
     </span>
     <span class='ocr_line' id='line_1_24' title="bbox 496 2304 2419 2382; baseline -0.005 -16"><span class='ocrx_word' id='word_1_142' title='bbox 496 2312 650 2382; x_wconf 82' lang='lat' dir='ltr'><strong>dem,</strong></span> <span class='ocrx_word' id='word_1_143' title='bbox 701 2312 763 2363; x_wconf 91' lang='lat' dir='ltr'><strong>in</strong></span> <span class='ocrx_word' id='word_1_144' title='bbox 809 2310 1073 2379; x_wconf 84' lang='lat' dir='ltr'><strong>captivos</strong></span> <span class='ocrx_word' id='word_1_145' title='bbox 1140 2310 1531 2380; x_wconf 89' lang='lat' dir='ltr'><strong>clementiam,</strong></span> <span class='ocrx_word' id='word_1_146' title='bbox 1593 2313 1653 2364; x_wconf 89' lang='lat' dir='ltr'><strong>in</strong></span> <span class='ocrx_word' id='word_1_147' title='bbox 1714 2313 2115 2381; x_wconf 86' lang='lat' dir='ltr'><strong>voluptatibus</strong></span> <span class='ocrx_word' id='word_1_148' title='bbox 2160 2304 2419 2382; x_wconf 86' lang='lat' dir='ltr'><strong>permissis</strong></span> 
     </span>
    </p>
   </div>
   <div class='ocr_carea' id='block_1_12' title="bbox 498 2390 2424 2558">
    <p class='ocr_par' dir='ltr' id='par_1_12' title="bbox 498 2390 2424 2558">
     <span class='ocr_line' id='line_1_25' title="bbox 498 2390 2421 2471; baseline -0.003 -17"><span class='ocrx_word' id='word_1_149' title='bbox 498 2414 734 2471; x_wconf 85' lang='lat' dir='ltr'><strong>quoque</strong></span> <span class='ocrx_word' id='word_1_150' title='bbox 765 2402 819 2452; x_wconf 86' lang='lat' dir='ltr'><strong>et</strong></span> <span class='ocrx_word' id='word_1_151' title='bbox 849 2397 1089 2451; x_wconf 86' lang='lat' dir='ltr'><strong>usitatis</strong></span> <span class='ocrx_word' id='word_1_152' title='bbox 1121 2400 1589 2469; x_wconf 80' lang='lat' dir='ltr'><strong>temperantiam,</strong></span> <span class='ocrx_word' id='word_1_153' title='bbox 1639 2400 1791 2455; x_wconf 89' lang='lat' dir='ltr'><strong>haud</strong></span> <span class='ocrx_word' id='word_1_154' title='bbox 1824 2401 2125 2457; x_wconf 83' lang='lat' dir='ltr'><strong>tolerabili</strong></span> <span class='ocrx_word' id='word_1_155' title='bbox 2153 2400 2272 2454; x_wconf 88' lang='lat' dir='ltr'><strong>vini</strong></span> <span class='ocrx_word' id='word_1_156' title='bbox 2296 2390 2421 2463; x_wconf 85' lang='lat' dir='ltr'><strong>cupi-</strong></span> 
     </span>
     <span class='ocr_line' id='line_1_26' title="bbox 498 2484 2424 2558; baseline -0.004 -18"><span class='ocrx_word' id='word_1_157' title='bbox 498 2486 677 2541; x_wconf 85' lang='lat' dir='ltr'><strong>ditate</strong></span> <span class='ocrx_word' id='word_1_158' title='bbox 707 2485 963 2539; x_wconf 82' lang='lat' dir='ltr'><strong>faedavit.</strong></span> <span class='ocrx_word' id='word_1_159' title='bbox 997 2485 1181 2539; x_wconf 87' lang='lat' dir='ltr'><strong>Hoste</strong></span> <span class='ocrx_word' id='word_1_160' title='bbox 1212 2490 1268 2539; x_wconf 88' lang='lat' dir='ltr'><strong>et</strong></span> <span class='ocrx_word' id='word_1_161' title='bbox 1289 2487 1499 2539; x_wconf 83' lang='lat' dir='ltr'><strong>aemulo</strong></span> <span class='ocrx_word' id='word_1_162' title='bbox 1535 2489 1705 2558; x_wconf 83' lang='lat' dir='ltr'><strong>regni</strong></span> <span class='ocrx_word' id='word_1_163' title='bbox 1724 2491 2042 2558; x_wconf 86' lang='lat' dir='ltr'><strong>reparante</strong></span> <span class='ocrx_word' id='word_1_164' title='bbox 2072 2505 2205 2543; x_wconf 88' lang='lat' dir='ltr'><strong>cum</strong></span> <span class='ocrx_word' id='word_1_165' title='bbox 2230 2484 2424 2540; x_wconf 77' lang='lat' dir='ltr'><strong>maxime</strong></span> 
     </span>
    </p>
   </div>
   <div class='ocr_carea' id='block_1_13' title="bbox 498 2571 2432 2824">
    <p class='ocr_par' dir='ltr' id='par_1_13' title="bbox 498 2571 2432 2824">
     <span class='ocr_line' id='line_1_27' title="bbox 498 2571 2426 2649; baseline -0.001 -20"><span class='ocrx_word' id='word_1_166' title='bbox 498 2575 739 2645; x_wconf 86' lang='lat' dir='ltr'><strong>bellum,</strong></span> <span class='ocrx_word' id='word_1_167' title='bbox 774 2590 961 2646; x_wconf 84' lang='lat' dir='ltr'><strong>nuper</strong></span> <span class='ocrx_word' id='word_1_168' title='bbox 990 2574 1253 2628; x_wconf 62' lang='lat' dir='ltr'><strong>suhacsis</strong></span> <span class='ocrx_word' id='word_1_169' title='bbox 1299 2575 1479 2644; x_wconf 77' lang='lat' dir='ltr'><strong>quos²</strong></span> <span class='ocrx_word' id='word_1_170' title='bbox 1509 2576 1748 2642; x_wconf 82' lang='lat' dir='ltr'><strong>vicerat,</strong></span> <span class='ocrx_word' id='word_1_171' title='bbox 1782 2593 2121 2649; x_wconf 88' lang='lat' dir='ltr'><strong>novumque</strong></span> <span class='ocrx_word' id='word_1_172' title='bbox 2165 2571 2426 2644; x_wconf 85' lang='lat' dir='ltr'><strong>imperium</strong></span> 
     </span>
     <span class='ocr_line' id='line_1_28' title="bbox 501 2658 2427 2735; baseline -0.002 -18"><span class='ocrx_word' id='word_1_173' title='bbox 501 2664 981 2732; x_wconf 82' lang='lat' dir='ltr'><strong>aspernantibuS‚</strong></span> <span class='ocrx_word' id='word_1_174' title='bbox 1016 2664 1087 2717; x_wconf 89' lang='lat' dir='ltr'><strong>de</strong></span> <span class='ocrx_word' id='word_1_175' title='bbox 1119 2663 1248 2717; x_wconf 76' lang='lat' dir='ltr'><strong>die³</strong></span> <span class='ocrx_word' id='word_1_176' title='bbox 1280 2664 1468 2717; x_wconf 86' lang='lat' dir='ltr'><strong>inibat</strong></span> <span class='ocrx_word' id='word_1_177' title='bbox 1500 2665 1775 2718; x_wconf 87' lang='lat' dir='ltr'><strong>convivia</strong></span> <span class='ocrx_word' id='word_1_178' title='bbox 1800 2666 1840 2731; x_wconf 89' lang='lat'><strong>*‚</strong></span> <span class='ocrx_word' id='word_1_179' title='bbox 1874 2664 2091 2735; x_wconf 87' lang='lat' dir='ltr'><strong>quibus</strong></span> <span class='ocrx_word' id='word_1_180' title='bbox 2125 2665 2339 2720; x_wconf 85' lang='lat' dir='ltr'><strong>feminae</strong></span> <span class='ocrx_word' id='word_1_181' title='bbox 2362 2658 2427 2710; x_wconf 86' lang='lat' dir='ltr'><strong>in·</strong></span> 
     </span>
     <span class='ocr_line' id='line_1_29' title="bbox 500 2751 2432 2824; baseline -0.003 -19"><span class='ocrx_word' id='word_1_182' title='bbox 500 2754 779 2806; x_wconf 87' lang='lat' dir='ltr'><strong>tererant.</strong></span> <span class='ocrx_word' id='word_1_183' title='bbox 821 2752 911 2807; x_wconf 82' lang='lat' dir='ltr'><strong>Ex</strong></span> <span class='ocrx_word' id='word_1_184' title='bbox 956 2752 1051 2806; x_wconf 87' lang='lat' dir='ltr'><strong>his</strong></span> <span class='ocrx_word' id='word_1_185' title='bbox 1090 2768 1226 2819; x_wconf 91' lang='lat' dir='ltr'><strong>una,</strong></span> <span class='ocrx_word' id='word_1_186' title='bbox 1280 2752 1481 2819; x_wconf 82' lang='lat' dir='ltr'><strong>Thais,</strong></span> <span class='ocrx_word' id='word_1_187' title='bbox 1524 2755 1742 2824; x_wconf 82' lang='lat' dir='ltr'><strong>etipsa</strong></span> <span class='ocrx_word' id='word_1_188' title='bbox 1780 2755 2122 2821; x_wconf 87' lang='lat' dir='ltr'><strong>temulenta,</strong></span> <span class='ocrx_word' id='word_1_189' title='bbox 2165 2751 2432 2807; x_wconf 81' lang='lat' dir='ltr'><strong>maximam</strong></span> 
     </span>
    </p>
   </div>
   <div class='ocr_carea' id='block_1_14' title="bbox 501 2951 2438 3318">
    <p class='ocr_par' dir='ltr' id='par_1_14' title="bbox 501 2951 2435 3078">
     <span class='ocr_line' id='line_1_30' title="bbox 556 2951 2435 3009; baseline -0.002 -12"><span class='ocrx_word' id='word_1_190' title='bbox 556 2958 623 2999; x_wconf 88' lang='grc'><strong>16.</strong></span> <span class='ocrx_word' id='word_1_191' title='bbox 655 2953 926 2998; x_wconf 77' lang='lat' dir='ltr'><strong>Mardorum.</strong></span> <span class='ocrx_word' id='word_1_192' title='bbox 963 2959 1046 2998; x_wconf 91' lang='lat' dir='ltr'><strong>Les</strong></span> <span class='ocrx_word' id='word_1_193' title='bbox 1078 2956 1257 3000; x_wconf 81' lang='lat' dir='ltr'><strong>Mardes</strong></span> <span class='ocrx_word' id='word_1_194' title='bbox 1288 2954 1546 2998; x_wconf 84' lang='lat' dir='ltr'><strong>habitaient</strong></span> <span class='ocrx_word' id='word_1_195' title='bbox 1574 2954 1688 2998; x_wconf 87' lang='lat' dir='ltr'><strong>dans</strong></span> <span class='ocrx_word' id='word_1_196' title='bbox 1726 2954 1797 2998; x_wconf 85' lang='lat' dir='ltr'><strong>les</strong></span> <span class='ocrx_word' id='word_1_197' title='bbox 1839 2960 2116 3009; x_wconf 83' lang='lat' dir='ltr'><strong>montagnes</strong></span> <span class='ocrx_word' id='word_1_198' title='bbox 2158 2951 2360 3002; x_wconf 64' lang='lat' dir='ltr'><strong>oetieres,</strong></span> <span class='ocrx_word' id='word_1_199' title='bbox 2390 2954 2435 2987; x_wconf 71' lang='lat'><strong>811</strong></span> 
     </span>
     <span class='ocr_line' id='line_1_31' title="bbox 501 3015 2373 3078; baseline 0.001 -19"><span class='ocrx_word' id='word_1_200' title='bbox 501 3016 590 3059; x_wconf 89' lang='lat' dir='ltr'><strong>sud</strong></span> <span class='ocrx_word' id='word_1_201' title='bbox 620 3015 674 3058; x_wconf 89' lang='lat' dir='ltr'><strong>de</strong></span> <span class='ocrx_word' id='word_1_202' title='bbox 699 3016 744 3058; x_wconf 87' lang='lat' dir='ltr'><strong>la</strong></span> <span class='ocrx_word' id='word_1_203' title='bbox 764 3017 920 3059; x_wconf 85' lang='lat' dir='ltr'><strong>Perse.</strong></span> <span class='ocrx_word' id='word_1_204' title='bbox 1527 3043 1536 3053; x_wconf 83' lang='lat'>-</span> <span class='ocrx_word' id='word_1_205' title='bbox 2368 3071 2373 3078; x_wconf 40' lang='lat'><strong>·</strong></span> 
     </span>
    </p>

    <p class='ocr_par' dir='ltr' id='par_1_15' title="bbox 504 3075 2438 3258">
     <span class='ocr_line' id='line_1_32' title="bbox 556 3075 2437 3136; baseline -0.004 -14"><span class='ocrx_word' id='word_1_206' title='bbox 556 3082 628 3123; x_wconf 79' lang='lat'><strong>17.</strong></span> <span class='ocrx_word' id='word_1_207' title='bbox 665 3077 820 3122; x_wconf 83' lang='lat' dir='ltr'><strong>Carne.</strong></span> <span class='ocrx_word' id='word_1_208' title='bbox 846 3078 908 3122; x_wconf 88' lang='lat' dir='ltr'><strong>lls</strong></span> <span class='ocrx_word' id='word_1_209' title='bbox 925 3090 974 3121; x_wconf 88' lang='lat' dir='ltr'><strong>se</strong></span> <span class='ocrx_word' id='word_1_210' title='bbox 991 3080 1284 3122; x_wconf 86' lang='lat' dir='ltr'><strong>nourrissent</strong></span> <span class='ocrx_word' id='word_1_211' title='bbox 1313 3079 1370 3123; x_wconf 91' lang='lat' dir='ltr'><strong>de</strong></span> <span class='ocrx_word' id='word_1_212' title='bbox 1400 3078 1571 3123; x_wconf 79' lang='lat' dir='ltr'><strong>viando</strong></span> <span class='ocrx_word' id='word_1_213' title='bbox 1600 3084 1648 3121; x_wconf 85' lang='lat' dir='ltr'><strong>et</strong></span> <span class='ocrx_word' id='word_1_214' title='bbox 1667 3091 1725 3122; x_wconf 90' lang='lat' dir='ltr'><strong>ne</strong></span> <span class='ocrx_word' id='word_1_215' title='bbox 1753 3085 1976 3133; x_wconf 81' lang='lat' dir='ltr'><strong>mangent</strong></span> <span class='ocrx_word' id='word_1_216' title='bbox 1995 3092 2078 3135; x_wconf 85' lang='lat' dir='ltr'><strong>pas</strong></span> <span class='ocrx_word' id='word_1_217' title='bbox 2108 3081 2166 3123; x_wconf 91' lang='lat' dir='ltr'><strong>de</strong></span> <span class='ocrx_word' id='word_1_218' title='bbox 2187 3077 2301 3133; x_wconf 87' lang='lat' dir='ltr'><strong>pain.</strong></span> <span class='ocrx_word' id='word_1_219' title='bbox 2330 3075 2437 3136; x_wconf 56' lang='lat' dir='ltr'><strong>Cesar</strong></span> 
     </span>
     <span class='ocr_line' id='line_1_33' title="bbox 504 3139 2438 3197; baseline -0.002 -14"><span class='ocrx_word' id='word_1_220' title='bbox 504 3139 574 3184; x_wconf 83' lang='lat' dir='ltr'><strong>dit</strong></span> <span class='ocrx_word' id='word_1_221' title='bbox 607 3139 688 3183; x_wconf 86' lang='lat' dir='ltr'><strong>des</strong></span> <span class='ocrx_word' id='word_1_222' title='bbox 726 3141 945 3183; x_wconf 83' lang='lat' dir='ltr'><strong>Gaulois:</strong></span> <span class='ocrx_word' id='word_1_223' title='bbox 978 3142 1274 3194; x_wconf 63' lang='lat' dir='ltr'><strong>Auriculturae</strong></span> <span class='ocrx_word' id='word_1_224' title='bbox 1310 3153 1394 3184; x_wconf 78' lang='lat' dir='ltr'><strong>non</strong></span> <span class='ocrx_word' id='word_1_225' title='bbox 1429 3142 1640 3192; x_wconf 58' lang='lat' dir='ltr'><strong>studeam</strong></span> <span class='ocrx_word' id='word_1_226' title='bbox 1668 3144 1890 3197; x_wconf 78' lang='lat' dir='ltr'><strong>majorque</strong></span> <span class='ocrx_word' id='word_1_227' title='bbox 1916 3154 2028 3197; x_wconf 73' lang='lat' dir='ltr'><strong>pars</strong></span> <span class='ocrx_word' id='word_1_228' title='bbox 2064 3152 2212 3186; x_wconf 82' lang='lat' dir='ltr'><strong>eorum</strong></span> <span class='ocrx_word' id='word_1_229' title='bbox 2248 3139 2376 3183; x_wconf 72' lang='lat' dir='ltr'><strong>victus</strong></span> <span class='ocrx_word' id='word_1_230' title='bbox 2407 3139 2438 3172; x_wconf 73' lang='lat'><strong>¹³</strong></span> 
     </span>
     <span class='ocr_line' id='line_1_34' title="bbox 509 3202 1783 3258; baseline 0.002 -14"><span class='ocrx_word' id='word_1_231' title='bbox 509 3202 638 3253; x_wconf 81' lang='lat' dir='ltr'><strong>lacte,</strong></span> <span class='ocrx_word' id='word_1_232' title='bbox 656 3212 797 3251; x_wconf 72' lang='lat' dir='ltr'><strong>case-0,</strong></span> <span class='ocrx_word' id='word_1_233' title='bbox 820 3213 949 3244; x_wconf 81' lang='lat' dir='ltr'><strong>carne</strong></span> <span class='ocrx_word' id='word_1_234' title='bbox 974 3205 1182 3246; x_wconf 54' lang='lat' dir='ltr'><strong>cona-tacit</strong></span> <span class='ocrx_word' id='word_1_235' title='bbox 1213 3204 1350 3258; x_wconf 83' lang='lat' dir='ltr'><strong>(Bell.</strong></span> <span class='ocrx_word' id='word_1_236' title='bbox 1396 3202 1531 3256; x_wconf 65' lang='lat' dir='ltr'><strong>Gall„</strong></span> <span class='ocrx_word' id='word_1_237' title='bbox 1561 3207 1632 3257; x_wconf 86' lang='lat' dir='ltr'><strong>VI,</strong></span> <span class='ocrx_word' id='word_1_238' title='bbox 1659 3205 1745 3258; x_wconf 74' lang='lat'><em>22).</em></span> <span class='ocrx_word' id='word_1_239' title='bbox 1776 3228 1783 3234; x_wconf 95' lang='lat'><em>-</em></span> 
     </span>
    </p>

    <p class='ocr_par' dir='ltr' id='par_1_16' title="bbox 562 3264 1620 3318">
     <span class='ocr_line' id='line_1_35' title="bbox 562 3264 1620 3318; baseline 0.003 -13"><span class='ocrx_word' id='word_1_240' title='bbox 562 3267 630 3308; x_wconf 88' lang='grc'><strong>18.</strong></span> <span class='ocrx_word' id='word_1_241' title='bbox 668 3264 858 3316; x_wconf 67' lang='lat' dir='ltr'><strong>Naturae,</strong></span> <span class='ocrx_word' id='word_1_242' title='bbox 887 3265 1115 3308; x_wconf 85' lang='lat' dir='ltr'><strong>entendez</strong></span> <span class='ocrx_word' id='word_1_243' title='bbox 1141 3266 1404 3318; x_wconf 81' lang='lat' dir='ltr'><strong>seminarum</strong></span> <span class='ocrx_word' id='word_1_244' title='bbox 1430 3268 1620 3314; x_wconf 80' lang='lat' dir='ltr'><strong>naturae.</strong></span> 
     </span>
    </p>
   </div>
   <div class='ocr_carea' id='block_1_15' title="bbox 508 3312 2458 3443">
    <p class='ocr_par' dir='ltr' id='par_1_17' title="bbox 508 3312 2458 3443">
     <span class='ocr_line' id='line_1_36' title="bbox 563 3312 2458 3384; baseline -0.001 -15"><span class='ocrx_word' id='word_1_245' title='bbox 563 3329 632 3369; x_wconf 89' lang='grc'><strong>19.</strong></span> <span class='ocrx_word' id='word_1_246' title='bbox 668 3328 701 3368; x_wconf 88' lang='grc' dir='ltr'><em>Α</em></span> <span class='ocrx_word' id='word_1_247' title='bbox 727 3324 969 3379; x_wconf 72' lang='lat' dir='ltr'><strong>Persepoli.</strong></span> <span class='ocrx_word' id='word_1_248' title='bbox 997 3326 1055 3368; x_wconf 72' lang='lat' dir='ltr'><strong>{ci</strong></span> <span class='ocrx_word' id='word_1_249' title='bbox 1086 3325 1130 3369; x_wconf 87' lang='lat' dir='ltr'><strong>la</strong></span> <span class='ocrx_word' id='word_1_250' title='bbox 1161 3327 1448 3382; x_wconf 80' lang='lat' dir='ltr'><strong>preposition</strong></span> <span class='ocrx_word' id='word_1_251' title='bbox 1485 3332 1560 3371; x_wconf 86' lang='lat' dir='ltr'><strong>est</strong></span> <span class='ocrx_word' id='word_1_252' title='bbox 1596 3330 1823 3372; x_wconf 86' lang='lat' dir='ltr'><strong>contraire</strong></span> <span class='ocrx_word' id='word_1_253' title='bbox 1854 3328 1881 3371; x_wconf 73' lang='lat' dir='ltr'><strong>a</strong></span> <span class='ocrx_word' id='word_1_254' title='bbox 1910 3329 2088 3384; x_wconf 83' lang='lat' dir='ltr'><strong>l&#39;usage</strong></span> <span class='ocrx_word' id='word_1_255' title='bbox 2116 3326 2367 3382; x_wconf 83' lang='lat' dir='ltr'><strong>classique.</strong></span> <span class='ocrx_word' id='word_1_256' title='bbox 2392 3312 2458 3368; x_wconf 53' lang='lat' dir='ltr'><strong>Cfu</strong></span> 
     </span>
     <span class='ocr_line' id='line_1_37' title="bbox 508 3389 2458 3443; baseline -0.001 -11"><span class='ocrx_word' id='word_1_257' title='bbox 508 3391 578 3443; x_wconf 77' lang='lat' dir='ltr'><strong>w,</strong></span> <span class='ocrx_word' id='word_1_258' title='bbox 611 3397 692 3441; x_wconf 86' lang='lat' dir='ltr'><strong>vn,</strong></span> <span class='ocrx_word' id='word_1_259' title='bbox 716 3392 821 3430; x_wconf 88' lang='lat' dir='ltr'><strong>note</strong></span> <span class='ocrx_word' id='word_1_260' title='bbox 843 3392 887 3430; x_wconf 76' lang='lat'><strong>2.</strong></span> <span class='ocrx_word' id='word_1_261' title='bbox 2457 3389 2458 3400; x_wconf 64' lang='lat'>¹</span> 
     </span>
    </p>
   </div>
   <div class='ocr_carea' id='block_1_16' title="bbox 558 3447 2260 3630">
    <p class='ocr_par' dir='ltr' id='par_1_18' title="bbox 558 3447 2260 3630">
     <span class='ocr_line' id='line_1_38' title="bbox 562 3447 2260 3508; baseline 0.002 -18"><span class='ocrx_word' id='word_1_262' title='bbox 562 3454 652 3496; x_wconf 86' lang='lat' dir='ltr'><strong>vll.</strong></span> <span class='ocrx_word' id='word_1_263' title='bbox 688 3473 737 3483; x_wconf 93' lang='lat'><strong>-—</strong></span> <span class='ocrx_word' id='word_1_264' title='bbox 771 3454 813 3491; x_wconf 83' lang='lat'><strong>1.</strong></span> <span class='ocrx_word' id='word_1_265' title='bbox 839 3447 995 3491; x_wconf 77' lang='lat' dir='ltr'><strong>Animi</strong></span> <span class='ocrx_word' id='word_1_266' title='bbox 1016 3449 1144 3492; x_wconf 82' lang='lat' dir='ltr'><strong>bona.</strong></span> <span class='ocrx_word' id='word_1_267' title='bbox 1167 3449 1232 3493; x_wconf 80' lang='lat' dir='ltr'><strong>Cf.</strong></span> <span class='ocrx_word' id='word_1_268' title='bbox 1259 3463 1341 3495; x_wconf 88' lang='lat' dir='ltr'><strong>sur</strong></span> <span class='ocrx_word' id='word_1_269' title='bbox 1368 3453 1436 3495; x_wconf 90' lang='lat' dir='ltr'><strong>les</strong></span> <span class='ocrx_word' id='word_1_270' title='bbox 1463 3451 1660 3508; x_wconf 79' lang='lat' dir='ltr'><strong>qualites</strong></span> <span class='ocrx_word' id='word_1_271' title='bbox 1685 3452 2003 3507; x_wconf 84' lang='lat' dir='ltr'><strong>d‘Alexandrc,</strong></span> <span class='ocrx_word' id='word_1_272' title='bbox 2035 3457 2087 3508; x_wconf 82' lang='lat' dir='ltr'><strong>x,</strong></span> <span class='ocrx_word' id='word_1_273' title='bbox 2114 3465 2157 3503; x_wconf 86' lang='lat' dir='ltr'><strong>v,</strong></span> <span class='ocrx_word' id='word_1_274' title='bbox 2187 3455 2260 3495; x_wconf 75' lang='lat'><strong>32.</strong></span> 
     </span>
     <span class='ocr_line' id='line_1_39' title="bbox 561 3510 1719 3563; baseline 0.003 -7"><span class='ocrx_word' id='word_1_275' title='bbox 561 3519 603 3556; x_wconf 78' lang='lat'><strong>2.</strong></span> <span class='ocrx_word' id='word_1_276' title='bbox 636 3511 838 3555; x_wconf 65' lang='lat' dir='ltr'><strong>Sabae-cis</strong></span> <span class='ocrx_word' id='word_1_277' title='bbox 867 3521 994 3563; x_wconf 75' lang='lat' dir='ltr'><strong>quos·</strong></span> <span class='ocrx_word' id='word_1_278' title='bbox 1016 3510 1189 3560; x_wconf 86' lang='lat' dir='ltr'><strong>Ellipse</strong></span> <span class='ocrx_word' id='word_1_279' title='bbox 1217 3512 1275 3556; x_wconf 91' lang='lat' dir='ltr'><strong>de</strong></span> <span class='ocrx_word' id='word_1_280' title='bbox 1305 3513 1617 3557; x_wconf 78' lang='lat' dir='ltr'><strong>l&#39;antecedent</strong></span> <span class='ocrx_word' id='word_1_281' title='bbox 1634 3515 1719 3561; x_wconf 71' lang='lat' dir='ltr'><strong>iis.</strong></span> 
     </span>
     <span class='ocr_line' id='line_1_40' title="bbox 558 3570 1824 3630; baseline 0.005 -13"><span class='ocrx_word' id='word_1_282' title='bbox 558 3578 604 3617; x_wconf 86' lang='grc'><strong>3.</strong></span> <span class='ocrx_word' id='word_1_283' title='bbox 638 3576 698 3615; x_wconf 86' lang='lat' dir='ltr'><strong>De</strong></span> <span class='ocrx_word' id='word_1_284' title='bbox 727 3572 822 3615; x_wconf 72' lang='lat' dir='ltr'><strong>die.</strong></span> <span class='ocrx_word' id='word_1_285' title='bbox 851 3570 1012 3613; x_wconf 77' lang='lat' dir='ltr'><strong>c&#39;etait</strong></span> <span class='ocrx_word' id='word_1_286' title='bbox 1041 3576 1272 3618; x_wconf 76' lang='lat' dir='ltr'><strong>contraire</strong></span> <span class='ocrx_word' id='word_1_287' title='bbox 1299 3574 1324 3617; x_wconf 72' lang='lat' dir='ltr'><strong>a</strong></span> <span class='ocrx_word' id='word_1_288' title='bbox 1346 3575 1521 3630; x_wconf 76' lang='lat' dir='ltr'><strong>rusage</strong></span> <span class='ocrx_word' id='word_1_289' title='bbox 1550 3577 1634 3621; x_wconf 89' lang='lat' dir='ltr'><strong>des</strong></span> <span class='ocrx_word' id='word_1_290' title='bbox 1663 3579 1824 3624; x_wconf 76' lang='lat' dir='ltr'><strong>GrccS.</strong></span> 
     </span>
    </p>
   </div>
   <div class='ocr_carea' id='block_1_17' title="bbox 2450 2206 2465 3348">
    <p class='ocr_par' dir='ltr' id='par_1_19' title="bbox 2450 2206 2465 3348">
     <span class='ocr_line' id='line_1_41' title="bbox 2450 2206 2465 3348; baseline 0 0"><span class='ocrx_word' id='word_1_291' title='bbox 2450 2206 2465 3348; x_wconf 95' lang='lat' dir='ltr'><strong> </strong></span> 
     </span>
    </p>
   </div>
  </div>
 </body>
</html>
