2517 3975
617 262 1027 303 ·111sroa1Annu
1064 263 1399 306 Ansxmnm
1436 267 1560 318 vm,
1603 268 1657 304 v.
2028 243 2134 303 279

176 368 295 425 Sed
323 370 597 441 quoniam
628 367 811 441 abest,
832 386 942 444 ego
969 371 1079 427 tibi
1108 389 1212 444 pro
1233 373 1335 428 illo
1356 372 1710 444 respondeo,
1742 371 1968 425 nullum
1998 381 2134 426 esse
2189 367 2258 427 15

174 460 429 515 eundem
446 460 488 487 ¹⁹
515 464 571 514 et
597 459 931 515 diuturnum
963 465 1019 516 et
1047 478 1420 533 praecoquem
1447 462 1719 528 fructum,
1754 462 2135 532 caelestesque

170 547 433 604 honores
462 564 581 603 non
610 549 755 603 dare
775 554 831 604 te
861 551 1007 623 regi,
1042 552 1149 605 sed
1180 552 1432 607 auferre.
1453 551 1769 606 intervallo
1798 551 1956 604 enim
1979 551 2135 619 ’opus

174 639 285 704 est,
307 639 373 691 ut
402 633 673 691 credatur
693 638 858 703 dene,
882 653 1244 710 semperque·
1266 639 1415 694 hanc
1443 640 1694 710 gratiam
1723 639 1956 710 magnis
1984 637 2135 692 viris

171 725 399 796 posteri
425 724 697 780 reddunt.
739 724 866 798 Ego
909 730 1103 781 autem
1145 744 1343 782 seram
1380 726 1876 782 immortalitatem
1919 740 2135 795 precor
2188 728 2259 784 16

170 814 325 886 regi,
360 817 423 867 ut
451 817 509 868 et
535 814 658 867 vita
686 814 962 869 diuturna
985 816 1070 880 ,sit
1113 819 1169 870 et
1212 820 1434 872 aeterna
1475 817 1780 887 majestas.
1810 814 2129 868 Hominem

171 902 555 971 consequitur
581 902 917 973 aliquande,
954 920 1252 975 nunquam
1301 905 1615 960 comitatur
1642 904 1942 959 divinitas.
1973 903 2132 958 Her-
2185 906 2255 963 17

167 991 403 1047 culem*
430 991 602 1046 modo
654 995 711 1046 et
757 991 994 1048 Patrem
1031 992 1350 1049 Liberum*
1380 996 1742 1050 consecratae
1778 994 2130 1048 immortali-

167 1079 370 1137 tatis·⁰
398 1080 663 1151 exempla
691 1080 1014 1138 referebas,
1045 1082 1335 1139 Credisne
1372 1083 1518 1139 illos
1545 1084 1725 1138 unius
1767 1082 2082 1154 convivji’¹
2107 1083 2131 1106 *

167 1171 405 1227 decreto
454 1171 595 1228 deos
640 1171 822 1227 factos
847 1171 875 1226 ἰ)
911 1172 1089 1228 Prius
1126 1173 1199 1228 ab
1242 1174 1431 1229 oculis
1468 1173 1801 1228 mortalium
1838 1172 2130 1227 amolita⁸⁸

164 1265 379 1316 natura
414 1264 527 1327 est,
559 1277 733 1333 quam
760 1262 823 1315 in
853 1263 1062 1317 caelum
1090 1257 1252 1317 fama
1286 1261 1636 1335 perveheret
1653 1261 1715 1317 ²⁸.
1744 1261 1979 1317 Scilicet
2015 1277 2130 1334 ego
2184 1261 2253 1317 18

166 1354 226 1406 et
265 1353 351 1419 tu,
385 1348 544 1417 Cleo,
575 1350 723 1405 deos
753 1350 1004 1406 facimus
1035 1369 1048 1408 :
1083 1369 1116 1406 a
1146 1351 1324 1408 nobis
1360 1351 1685 1407 divinitatis
1714 1365 1839 1404 suae
1871 1352 2129 1405 auctori-

160 1438 406 1493 tatem’⁴
433 1442 781 1508 accepturus
812 1442 902 1495 est
929 1439 1065 1495 rex!
1097 1440 1428 1496 Potentiam
1464 1442 1619 1494 tuam
1659 1439 1913 1508 experiri
1937 1439 2081 1493 libet
2113 1453 2128 1494 ε

162 1528 264 1583 fac
296 1528 550 1599 aliquem
572 1543 803 1600 regem,
822 1530 876 1583 si
902 1530 1071 1584 deum
1101 1533 1270 1601 potes
1299 1528 1515 1584 facere.
1536 1528 1793 1583 Facilius
1814 1530 1905 1581 est
1922 1529 2132 1582 caelum

162 1617 312 1673 dare
359 1633 535 1690 quam
576 1618 912 1688 imperium.
953 1618 1027 1672 Di
1072 1619 1314 1690 propitii
1357 1619 1487 1673 sine
1525 1617 1771 1685 invidia,
1814 1632 1942 1687 quae
1988 1614 2127 1670 Cleo
2184 1617 2254 1674 19

158 1706 335 1774 dixit,
377 1707 685 1777 audierint,
729 1708 1050 1780 eodemque
1100 1725 1301 1778 cumn,
1342 1724 1456 1780 quo
1504 1707 1727 1762 fluxere
1773 1705 1961 1760 adhuc
2005 1719 2126 1771 res,

160 1795 251 1851 ire
294 1791 615 1867 patiantur.
657 1797 897 1853 Nostris
943 1798 1209 1853 moribus
1238 1795 1425 1853 velint
1463 1813 1575 1852 nos
1617 1812 1752 1852 esse
1800 1796 2123 1850 contentoS.

161 1884 301 1940 Non
343 1885 520 1956 pudet
555 1886 784 1956 patriae,
818 1901 928 1941 nec
954 1886 1220 1943 desidero
1266 1887 1339 1941 ad
1379 1902 1554 1958 quem
1582 1886 1818 1940 modum
1847 1900 1956 1939 rex
1983 1882 2128 1937 mihi

158 1974 452 2031 colendus
499 1975 577 2030 sit
621 1992 657 2030 a
691 1975 864 2032 victis
902 1976 1160 2034 discere.
1193 1976 1358 2043 Quos
1387 1975 1660 2047 equidem
1685 1975 1943 2030 victores
1991 1988 2129 2030 esse

159 2062 474 2131 confiteor,
495 2065 552 2119 si
579 2064 653 2120 ab
681 2065 804 2120 illis
835 2066 1025 2137 legeS‚
1060 2067 1195 2137 quis
1214 2066 1255 2095 ’⁸
1284 2068 1582 2134 vivamus,
1611 2064 1930 2134 accipimus
1949 2082 1999 2120 ι.

230 2152 457 2225 AEquis
486 2154 732 2213 auribus
761 2153 1177 2223 Callisthenes,
1209 2154 1395 2210 veluti
1426 2154 1644 2209 vindex
1670 2153 1921 2224 publicae
1947 2151 2127 2206 liber·
2178 2155 2250 2211 20

156 2243 319 2311 tatis,
351 2242 720 2298 audiebatur.
754 2243 1145 2314 Expresserat
1169 2259 1288 2299 non
1305 2242 1715 2298 assensionem
1734 2242 1774 2270 ²⁶
1800 2242 1998 2311 modo,
2019 2242 2126 2296 sed

159 2333 341 2386 etiam
367 2346 578 2387 vocem
609 2334 912 2387 seniorum
949 2333 1256 2404 praecipue,
1290 2332 1508 2402 quibus
1536 2332 1744 2403 gravis
1782 2335 1906 2386 erat
1950 2332 2123 2386 inve-

155 2422 338 2476 terati
367 2422 552 2476 moris
578 2422 871 2478 externa¹²
898 2422 1162 2478 mutatio.
1196 2421 1322 2477 Nec
1370 2423 1681 2493 quicquam
1724 2436 1949 2486 eorum,
1993 2435 2125 2491 quae
2179 2423 2246 2481 21

157 2510 420 2565 invicem
449 2508 675 2581 jactata
714 2513 899 2581 erant,
930 2527 1037 2566 rex
1075 2511 1407 2583 ignorabat,
1436 2526 1570 2565 cum
1594 2515 1730 2581 post
1757 2509 1962 2576 aulaea,
1994 2524 2126 2579 quae

155 2598 329 2655 lectis
348 2599 372 2622 *
400 2599 745 2667 obduxerat,
776 2603 980 2656 staret.
1012 2601 1202 2674 Igitur
1227 2601 1299 2655 ad
1329 2601 1491 2672 Agin
1530 2604 1586 2655 et
1623 2599 1903 2654 Cleonem
1941 2600 2121 2666 misit,

156 2690 244 2753 ut,
279 2703 558 2743 sermone
596 2686 780 2757 finito,
811 2690 1100 2745 barbaros
1143 2692 1387 2757 tantum,
1422 2705 1555 2744 cum
1592 2688 1871 2744 intrasset
1887 2687 1948 2753 ¹⁸,
1980 2703 2124 2758 pro·-

161 2777 441 2833 cumbere
471 2792 581 2832 suo
610 2791 773 2832 more
801 2781 1164 2848 paterentur,
1196 2781 1274 2850 et,
1305 2778 1480 2851 paulo
1515 2781 1670 2848 post,
1704 2777 1873 2848 quasi
1898 2778 2127 2848 potiora

207 2972 277 3017 19.
307 2970 526 3020 Eundem.
553 2969 626 3018 Cf.
652 2975 724 3027 vl,
750 2983 801 3027 ιι,
831 2977 939 3017 note
952 2975 1029 3018 31.

209 3039 279 3079 20.
311 3034 584 3079 (ἔσωσεν-ατε
604 3033 952 3079 immortalitate}
980 3035 1101 3078 n’est
1128 3044 1213 3089 pas
1239 3045 1336 3079 une
1363 3030 1568 3078 locution
1587 3032 1833 3090 classique.

210 3102 284 3142 21.
317 3096 565 3143 L'abstrait
592 3097 777 3141 convivii
802 3109 917 3152 pour
936 3099 981 3142 le
1000 3102 1188 3142 conci-et
1216 3098 1510 3141 convivarum.
1826 3116 1833 3122 ·

209 3164 282 3204 22.
309 3159 511 3204 amolita
529 3162 599 3203 est
619 3171 794 3204 comme
818 3161 1023 3214 removit,
1052 3160 1389 3204 sous-entendu
1419 3158 1541 3202 illos.

209 3225 278 3266 23.
306 3220 587 3276 Priusquam,
617 3233 731 3266 avec
748 3223 793 3265 le
813 3222 1086 3277 subjunctis.
1114 3221 1181 3266 Cf.
1211 3225 1289 3273 111,
1311 3232 1391 3275 vn,
1420 3224 1529 3264 note
1550 3219 1621 3265 26.

175 3285 283 3348 jh.
316 3284 653 3327 Auctoritatem.
685 3285 766 3336 Cf„
786 3297 866 3329 sur
892 3296 945 3329 ce
976 3288 1086 3337 mot,
1105 3287 1176 3339 Vl,
1197 3295 1298 3334 vm,
1317 3288 1425 3329 note
1450 3283 1527 3331 32.

212 3347 278 3390 25.
312 3346 440 3399 Quis,
467 3357 645 3390 comme
667 3346 838 3402 quibua.
870 3347 937 3391 Cr.
966 3351 1037 3401 111,
1064 3359 1117 3402 ιι,
1138 3351 1247 3391 note
1276 3350 1324 3391 8.

212 3412 279 3453 ιθ.
307 3408 635 3462 Assensionem,
666 3409 835 3464 oppose
865 3407 891 3452 ὲ
919 3421 1077 3465 vocem,
1101 3411 1234 3464 signe
1264 3404 1643 3454 d’assentiment.

211 3469 278 3514 27.
306 3469 523 3525 Externa,
551 3481 730 3515 comme
759 3470 809 3519 i·
834 3474 1057 3516 externum
1085 3482 1265 3516 morem.

214 3530 282 3576 28.
319 3531 424 3576 Cum
468 3532 700 3577 intrasset.
775 3531 878 3576 Cum
931 3535 1155 3588 tempore!
1201 3544 1316 3578 avec
1371 3534 1416 3578 le
1472 3532 1750 3590 subjonctif.
1805 3531 1874 3576 Cf.
1926 3533 2033 3583 111«,⁴
2056 3530 2119 3579 fv,

154 3597 270 3638 note
307 3597 357 3638 3.
