2517 3975
429 236 536 291 180
1188 250 1244 294 Q.
1285 248 1456 288 cul-‘tu
1492 242 1631 287 nul-*1

429 350 792 431 occultisque
821 358 954 415 telis
974 358 997 381 ¹¹
1025 358 1256 413 hostem
1285 357 1675 412 lacessebant.
1699 356 1826 422 Ille,
1844 356 2177 412 venantium
2201 356 2348 410 modo

424 449 666 505 latibula
720 451 1045 513 scrutatum,
1094 446 1410 518 plerosque
1460 446 1747 502 confodit.
1779 447 1895 501 Ad
1940 447 2198 500 ultimum
2247 446 2348 498 cir-

424 537 651 592 cumire
679 553 788 592 rex
816 536 1033 591 saltum
1061 534 1285 590 milites
1312 535 1503 607 jubet,
1543 539 1626 602 ut,
1657 534 1710 589 si
1749 551 1863 606 qua
1894 538 2133 603 pateret,
2166 535 2353 587 irrum-

299 642 369 696 18
423 628 652 699 perent.
695 624 812 680 Sed
851 625 1079 696 ignotis
1121 624 1272 679 locis
1316 624 1580 696 plerique
1619 624 1996 692 oberrabant,
2040 623 2353 694 exceptique

425 720 564 771 sunt
601 714 852 787 quidam,
896 714 1050 769 inter
1093 729 1245 784 quos
1283 728 1472 784 equus
1507 713 1664 785 regis
1689 743 1758 752 —
1794 712 2187 783 Bucephalam
2211 711 2250 738 ¹⁹
2272 726 2357 764 vo-

421 806 633 860 cabant
670 833 738 845 —
785 818 959 874 quem
997 801 1333 858 Alexander
1372 818 1493 857 non
1533 801 1737 857 eodem
1783 816 1900 873 quo
1948 804 2175 856 ceteras
2207 815 2355 870 pecu-

418 895 526 949 des
576 895 770 949 animo
814 892 1158 947 aestimabat.
1218 891 1484 961 Namque
1516 891 1615 945 ille
1656 907 1765 946 nec
1805 892 1869 945 in
1917 892 2097 948 dorso
2125 889 2359 946 insidere

419 1000 530 1039 suo
583 982 912 1055 patiebatur
959 981 1176 1049 alium,
1235 985 1294 1036 et
1339 996 1565 1053 regem,
1616 997 1748 1035 cum
1804 979 1983 1036 vellet
2040 980 2355 1044 ascendere,

418 1077 629 1144 sponte
660 1087 856 1143 genua
889 1071 1266 1140 submittenS,
1297 1068 1648 1140 excipiebat,
1676 1068 2141 1141 credebaturque
2161 1068 2360 1125 sentire

293 1177 361 1232 19
418 1177 589 1233 quem
615 1160 859 1217 veheret
886 1161 952 1216 ²⁰.
1010 1160 1240 1231 MaJore
1274 1175 1446 1228 erge,
1478 1175 1653 1231 quam
1697 1158 1957 1227 decebat,
1990 1159 2083 1214 ira
2111 1158 2360 1214 simulac

417 1250 621 1306 dolore
650 1250 1008 1316 stimulatus,
1041 1264 1252 1321 equum
1270 1247 1558 1320 vestigari
1580 1248 1771 1319 jubet,
1796 1251 1852 1303 et
1879 1263 1986 1318 per
2006 1249 2362 1319 interpretem

416 1340 812 1410 pronuntiari,
845 1339 907 1393 ni
934 1337 1358 1408 reddidissent,
1381 1337 1674 1392 neminem
1697 1352 1831 1392 esse
1863 1335 2225 1392 victurum⁸¹.
2257 1335 2362 1388 Hac

415 1428 856 1483 denuntiatione
903 1427 1117 1497 territi,
1146 1441 1282 1481 cum
1320 1426 1535 1481 ceteris
1570 1426 1746 1481 donis
1773 1422 2007 1497 ⁴equum
2066 1425 2359 1481 adducunt.

288 1534 360 1588 20
414 1518 534 1573 Sed
564 1533 638 1573 ne
659 1518 750 1572 sic
775 1516 1011 1588 quidem
1040 1516 1376 1587 mitigatus,
1414 1515 1563 1570 caedi
1591 1514 1984 1586 silvasjubet,
2007 1517 2358 1588 aggestaque
2461 1520 2462 1609 1

415 1607 593 1661 humo
638 1622 670 1661 e
715 1605 1018 1660 montibus
1067 1604 1370 1675 planitiem
1407 1603 1586 1658 ramis
1615 1602 1957 1673 impeditam
1997 1601 2360 1677 exaggerari.
2461 1612 2462 1679 1

289 1712 352 1766 21
413 1698 545 1753 «lam
572 1697 634 1751 in
682 1696 1041 1767 aliquantum
1081 1693 1411 1748 altitudinis
1442 1709 1591 1763 opus
1636 1697 1928 1761 creverat,
1956 1710 2094 1748 cum
2122 1692 2362 1758 barbari,

414 1786 723 1856 desperato
751 1784 792 1811 ¹¹
848 1784 1172 1855 regionem,
1233 1797 1409 1852 quam
1458 1782 1981 1853 occupaverantm',
2027 1797 2219 1853 posse
2245 1782 2365 1838 reti-

413 1874 614 1941 tineri,
657 1875 896 1945 gentem
941 1887 1111 1927 suam
1153 1871 1459 1927 dedidere.
1516 1871 1646 1926 Rex
1668 1913 1682 1939 ,
1736 1871 2049 1928 obsidibus
2101 1872 2363 1943 acceptiS,

412 1963 690 2020 Phradati
716 1977 929 2033 parere
954 1976 1061 2017 eos
1082 1959 1295 2030 jussit.

286 2070 356 2123 22
482 2054 623 2110 Inde
643 2054 846 2124 quinto
869 2052 962 2108 die
991 2052 1053 2105 in
1084 2052 1299 2106 stativa
1329 2051 1370 2077 ³⁴
1398 2052 1737 2107 revertitur.
1761 2050 2118 2106 Artabazum
2146 2051 2361 2116 deinde,

412 2143 711 2216 geminato
742 2143 782 2170 ²⁸
837 2142 1066 2197 honore
1099 2155 1273 2211 quem
1301 2139 1518 2194 Darius
1571 2138 1860 2196 babuerat
1902 2140 1975 2208 ei,
2006 2142 2257 2196 remittit
2280 2141 2364 2194 do·

411 2246 591 2286 mum.
622 2231 752 2286 «lam
781 2230 854 2285 ad
899 2230 1108 2285 urbem
1144 2228 1458 2299 Hyrcaniae
1483 2227 1542 2295 ²⁰,
1605 2228 1665 2282 in
1705 2245 1819 2300 qua
1850 2229 2017 2300 regia
2045 2229 2217 2285 Darii
2252 2228 2362 2292 fuit,

410 2324 654 2376 ventum
697 2322 823 2376 erat
859 2339 872 2375 ς
914 2319 1001 2373 ibi
1030 2319 1431 2385 Nabarzanes,
1483 2321 1719 2388 accepta
1750 2318 1886 2386 tide,
1920 2320 2199 2387 occurrit,
2232 2320 2366 2373 dona

287 2426 358 2480 23
411 2411 677 2483 ingentia
723 2410 947 2465 ferens.
1004 2409 1164 2463 Inter
1211 2423 1344 2478 quae
1392 2407 1633 2480 Bagoas
1672 2410 1818 2478 erat,
1852 2409 2051 2479 specie
2080 2406 2368 2481 singulari

412 2500 596 2570 spado
628 2503 798 2571 atquc
829 2497 890 2552 in
944 2498 1077 2568 ipso
1119 2497 1270 2552 flore
1304 2495 1574 2567 pueritiae
1611 2514 1623 2550 :
1664 2495 1912 2568 ejusque
1949 2498 2210 2554 maxime
2247 2512 2369 2569 pre-

411 2589 580 2644 cibus
609 2592 806 2645 motus
837 2585 1171 2643 Nabarzani
1199 2585 1453 2655 ignovit.

461 2850 532 2889 19.
566 2844 873 2901 Bucephalam,
902 2846 945 2888 le
963 2844 1150 2888 tameux
1177 2839 1345 2886 cheval
1374 2839 1693 2895 d'Alexandre,
1713 2841 1793 2896 qui
1827 2851 1887 2885 ne
1909 2852 1960 2885 se
1986 2839 2175 2887 laissait
2202 2845 2372 2887 montet
2459 2837 2460 2892 1

408 2920 498 2964 que
526 2919 609 2962 par
628 2918 680 2951 ce
704 2908 891 2964 prince3
925 2908 957 2950 il
975 2905 1135 2951 devait
1161 2915 1244 2949 son
1264 2914 1388 2958 nom,
1418 2902 1651 2958 parait—il,
1685 2901 1713 2945 a
1740 2913 1832 2946 une
1861 2904 1958 2950 tete
1986 2905 2043 2948 de
2066 2903 2201 2949 boeuf
2225 2903 2369 2949 tracee
2459 2937 2460 2992 1

408 2981 489 3014 sur
517 2981 601 3014 son
626 2969 812 3025 epaule.

457 3036 531 3077 20.
571 3032 770 3085 veheret,
795 3033 839 3076 le
866 3030 1124 3086 euhionctif
1149 3030 1176 3075 a
1199 3041 1342 3073 cause
1368 3030 1427 3073 du
1457 3027 1574 3083 style
1601 3027 1816 3073 indii-eet.
1834 3028 1905 3074 Cf.
1930 3031 2006 3080 111,
2033 3039 2086 3084 n,
2115 3035 2230 3075 note
2246 3034 2320 3073 27.

456 3100 531 3140 2¹.
570 3095 793 3139 Vtetur-nm
817 3096 875 3139 de
893 3094 1014 3138 vivo,

456 3162 531 3202 22.
564 3158 821 3212 Desperato.
847 3160 931 3201 Sur
966 3168 1020 3201 ce
1060 3155 1291 3212 participe
1342 3153 1555 3209 employe
1596 3153 2086 3208 impersonnellement
2112 3150 2141 3196 a
2177 3150 2369 3197 l'ablath

404 3231 520 3266 avec
544 3229 637 3263 une
657 3219 938 3275 proposition
960 3218 1254 3274 completive,
1285 3218 1350 3264 cf.
1367 3222 1417 3270 V,
1444 3228 1546 3265 xm,
1578 3220 1687 3259 note
1714 3221 1758 3264 1.

453 3288 527 3328 23.
563 3282 696 3333 Quam
744 3285 1071 3336 occupaverant,
1105 3281 1132 3324 a
1169 3280 1426 3331 l'indicatir,
1469 3290 1528 3322 ne
1565 3278 1648 3322 tait
1688 3290 1771 3332 pas
1811 3278 1960 3333 partie
2004 3279 2274 3323 essentielle
2318 3276 2371 3319 de

402 3345 534 3390 l'idee
553 3343 787 3398 exprimee
815 3355 898 3397 par
922 3345 966 3387 la
986 3343 1267 3399 proposition
1291 3341 1529 3386 infinitive.
1558 3340 1626 3385 Cf.
1644 3344 1715 3392 111,
1747 3352 1797 3394 11,
1826 3346 1934 3386 note
1954 3344 2022 3385 27.

451 3407 522 3453 24.
548 3407 740 3461 Stativa,
769 3406 976 3451 l'endroit
990 3406 1091 3449 d'ou
1123 3406 1156 3448 il
1181 3405 1296 3449 etait
1324 3404 1442 3460 parti
1460 3409 1511 3448 et
1537 3401 1599 3447 οὺ
1618 3403 1653 3446 il
1681 3404 1808 3447 avait
1824 3403 1963 3448 laisse
1986 3415 2061 3447 ses
2085 3404 2317 3458 bagages.

450 3476 525 3515 25.
563 3470 807 3518 Geminam.
838 3468 1067 3513 entendez
1084 3472 1230 3511 aucto.

451 3534 519 3577 26.
554 3531 711 3576 Urbem
749 3530 999 3585 Hyrcaniae.
1033 3532 1147 3573 Sans
1193 3530 1332 3572 doute
1374 3527 1501 3582 rape,
1531 3539 1593 3572 au
1631 3528 1847 3573 nord-est
1895 3529 1954 3573 de
1994 3531 2283 3581 zadracarta,
2310 3523 2367 3568 οὺ

399 3594 653 3639 Alexandro
681 3594 793 3637 etait
818 3603 877 3636 au
896 3591 1107 3645 chapitre
1127 3591 1398 3648 precedent,
1421 3591 1445 3645 5
1472 3592 1546 3635 23.
