2517 3975
634 211 1022 252 msroauauu
1060 215 1392 254 Ansxnnnax
1427 214 1531 266 vu,
1574 216 1639 253 11.
2014 196 2113 251 2⁴21

158 320 352 376 haurit
372 319 410 347 '¹
441 304 744 385 Cleander,
778 321 989 377 deinde
1026 323 1300 396 jugulum
1345 322 1483 379 ferit
1513 342 1528 378 t
1559 322 1741 379 ceteri
1783 322 2118 378 exanimum

159 425 392 481 quoque
425 408 784 463 confodiunt.

218 500 296 553 At
327 498 610 568 armigeri
631 499 670 568 *,
704 500 803 569 qui
837 499 905 553 ad
940 500 1159 554 aditum
1191 502 1457 556 nemoris
1485 502 1851 564 adstiterunt,
1883 501 2122 571 cognita

157 574 333 658 caede,
381 587 554 657 cujus
602 604 779 642 causa
817 589 1225 661 ignorabatur,
1270 580 1331 644 in
1371 591 1605 644 castra*
1648 590 2025 661 perveniunt,
2067 592 2123 643 et

155 677 514 733 tumultuoso
546 679 748 731 nuntio
803 679 1021 733 milites
1069 680 1387 733 concitant.
1423 680 1515 733 Illi
1544 681 1754 733 armati
1785 679 1857 732 ad
1888 693 2119 743 nemuS‚

155 766 211 820 in
261 782 380 837 quo
426 769 762 837 perpetrata
814 768 1008 822 caedes
1058 770 1201 833 erat,
1255 771 1490 832 coeunt,
1537 772 1610 839 et,
1656 767 1714 822 ni
1768 766 2161 844 Polydamas.

158 857 445 927 ceterique
494 855 758 923 ejusdem
798 872 971 911 noxae
1016 858 1336 928 participes
1381 857 1685 925 dedantur,
1728 872 1961 909 murum
2004 857 2122 909 cir-

156 946 489 999 cumdatum
517 944 558 970 ²²
596 944 824 998 nemori
881 960 1205 999 eversuros
1233 946 1276 972 ²⁸
1319 945 1693 1012 denuntiant,
1742 946 2123 1013 omniumque

159 1035 451 1104 sanguine
500 1032 631 1087 duci
686 1036 1103 1103 parentaturos
1131 1034 1191 1088 ²⁴.
1236 1034 1527 1088 Cleandcr
1566 1035 1864 1104 primores
1918 1049 2125 1087 eorum

156 1120 463 1175 intromitti
488 1121 677 1192 jubet,
710 1120 1054 1192 litterasque
1086 1123 1245 1195 regis
1278 1120 1534 1193 scriptas
1566 1122 1634 1175 ad
1657 1114 1873 1177 milites
1898 1122 2121 1187 recitat,

158 1209 375 1279 quibus
417 1209 647 1264 insidiae
675 1209 1089 1264 Parmenionis
1120 1211 1179 1263 in
1210 1226 1435 1282 regem,
1467 1226 1809 1280 precesque,
1843 1213 1903 1263 ut
1931 1211 2125 1279 ipsum

156 1300 543 1364 vindicarent,
576 1299 1050 1355 continebantur.
1092 1300 1304 1370 Igitur,
1338 1301 1574 1371 cognita
1606 1301 1767 1370 regis
1797 1299 2121 1366 voluntate,

155 1405 270 1442 non
316 1388 555 1459 quidem
602 1389 959 1459 indignatio,
1001 1389 1104 1443 sed
1144 1393 1339 1443 tamen
1385 1389 1596 1443 seditio
1642 1403 1981 1457 compressa
2012 1389 2119 1444 est.

157 1477 418 1546 Dilapsis
446 1476 744 1544 pluribuS,
775 1477 942 1546 pauci
973 1481 1408 1546 remanserunt,
1431 1477 1550 1548 qui,
1585 1474 1789 1530 saltem
1818 1479 1883 1529 ut
1907 1492 2126 1546 corpus

157 1566 348 1641 ipsius
379 1566 635 1634 sepelire
683 1564 1107 1635 permitterent,
1154 1564 1568 1635 preca-bantur.
1600 1566 1711 1619 Diu
1756 1564 1816 1617 id
1846 1566 2126 1637 negatum

159 1659 267 1720 ast,
300 1652 579 1708 Cleandri
608 1658 767 1707 metu
797 1669 869 1707 ne
900 1653 1225 1708 offenderet
1259 1670 1492 1724 rogem:
1517 1654 1885 1708 Pertinacius
1915 1652 2126 1709 deinde

157 1743 559 1813 precantibus,
582 1743 883 1796 materiem
917 1744 1419 1799 consternationis
1446 1734 1909 1797 subtrahendam
1937 1746 2123 1810 ratuS,

159 1833 348 1903 capite
388 1832 609 1899 deciso,
650 1834 921 1886 truncum
965 1832 1207 1887 humare
1246 1832 1558 1903 permisit:
1601 1831 1671 1885 ad
1714 1846 1919 1902 regem
1958 1839 2128 1901 caput

159 1923 410 1975 missum
441 1922 551 1974 est.

226 2009 342 2064 Hic
370 2009 563 2064 exitus
592 2010 1005 2084 Parmenionis
1025 2011 1066 2038 '⁸
1094 2010 1222 2077 suit,
1254 2005 1482 2063 militiae
1512 2009 1785 2082 domique
1815 2009 1959 2063 clari
1987 2009 2124 2062 viri.

161 2100 339 2154 Multa
368 2101 500 2154 sine
532 2115 669 2171 rege
698 2116 1001 2169 prospere,
1037 2116 1143 2154 rex
1177 2101 1306 2154 sine
1336 2099 1435 2153 illo
1467 2097 1612 2151 nihil
1635 2114 1865 2168 magnae
1889 2099 1975 2152 rei
1998 2114 2129 2170 ges-

164 2192 342 2243 serat.
373 2189 742 2242 Felicissimo
773 2189 919 2260 regi,
953 2187 1007 2243 et
1042 2190 1238 2244 omnia
1286 2188 1356 2241 ad
1400 2187 1653 2240 fortunae
1701 2201 1825 2240 suae
1869 2186 2129 2258 exigenti

163 2275 421 2342 modum,
450 2276 754 2333 satisfecit.
778 2295 894 2331 Lxx
916 2281 1090 2332 natus
1120 2293 1332 2342 annOS,
1366 2280 1429 2330 ut
1442 2277 1681 2346 juvenis
1704 2276 1871 2330 ducis
1893 2280 1949 2331 et
1971 2292 2129 2345 saepe

165 2368 335 2421 etiam
364 2366 627 2438 gregarii
659 2367 866 2421 militis
895 2368 1095 2419 munia
1124 2366 1387 2436 explevit
1414 2380 1425 2419 :
1460 2382 1596 2420 acer
1637 2367 1913 2436 consilio,
1947 2382 2128 2419 manu

166 2458 469 2523 strenuuS,
500 2470 675 2512 carus
716 2456 1107 2526 principibuS,
1138 2453 1313 2527 vulgo
1356 2454 1604 2512 militum
1644 2456 1952 2524 acceptior.
1989 2453 2129 2507 Haec

165 2544 507 2614 impulerint
523 2544 565 2571 ³⁶
593 2545 757 2597 illum
787 2544 860 2599 ad
889 2545 1058 2616 regni
1086 2545 1461 2614 cupiditatem
1491 2560 1566 2597 an
1614 2545 1839 2598 tantum
1883 2558 2129 2611 suspec-

166 2635 284 2688 tum
314 2633 563 2689 fecerint
594 2633 818 2705 ambigi
846 2636 1058 2704 potest,
1093 2633 1229 2703 quia
1257 2633 1545 2701 Philotas,
1587 2631 1812 2686 ultimis
1851 2632 2127 2690 cruciati-

217 2801 288 2847 21.
321 2801 505 2853 Haurit,
533 2800 772 2857 poetique.

218 2864 288 2908 22.
324 2864 664 2907 circumdatum.
684 2866 772 2907 Sur
796 2864 839 2906 la
863 2863 1180 2906 construction
1198 2861 1254 2905 de
1276 2873 1330 2904 ce
1353 2865 1459 2912 mot,
1487 2860 1552 2905 cf.
1575 2863 1648 2911 111,
1670 2871 1721 2910 ιι,
1752 2859 1925 2904 noted.

220 2925 289 2971 23.
317 2926 585 2972 Eversuros.
609 2925 783 2979 Ellipse
811 2925 872 2969 du
902 2926 1115 2979 sujetse

220 2986 288 3032 24.
321 2988 639 3031 Pareataturos
656 2988 849 3042 signille
878 2987 1010 3031 offrir
1034 2999 1097 3031 un
1127 2977 1342 3070 sacrifice
1380 2983 1644 3038 expiatoire
1672 2995 1766 3028 aux
1791 2990 1975 3030 murts:
1993 2985 2057 3030 de
2086 2985 2133 3030 la

169 3050 214 3091 la
243 3050 330 3093 tete
350 3051 432 3093 des
456 3048 734 3094 Parentalia.

221 3110 290 3155 25.
318 3110 599 3155 Parmenion.
632 3112 756 3155 'relie
792 3111 863 3155 rut
908 3112 952 3155 la
989 3111 1051 3155 fin
1085 3111 1142 3154 de
1179 3115 1254 3154 cet
1283 3110 1465 3153 illustra
1517 3108 1705 3164 general
1735 3110 2058 3156 macedonien.
2093 3110 2129 3153 ll

169 3175 289 3215 avait
322 3172 566 3216 contribue
605 3184 714 3216 sous
757 3174 966 3228 Philippa
1011 3174 1037 3215 a
1074 3184 1123 3215 as
1130 3173 1250 3216 seoir
1288 3174 1332 3213 la
1371 3172 1615 3224 puissance
1668 3170 2029 3215 macedonianus
2069 3182 2129 3214 en

173 3235 445 3290 triomphant
473 3236 555 3277 des
581 3234 802 3279 Peoniens
831 3241 877 3280 et
895 3236 979 3279 des
1006 3236 1227 3290 illyricus,
1260 3238 1308 3276 et
1346 3232 1453 3275 etait
1491 3234 1609 3285 parti
1640 3244 1696 3276 en
1730 3239 1885 3288 avant,
1933 3245 1994 3277 en
2025 3233 2129 3276 Asia

173 3296 384 3351 ninam-e,
410 3308 525 3350 pour
563 3297 778 3351 preparer
822 3297 867 3342 la
904 3308 1055 3341 venue
1087 3296 1167 3339 des
1211 3294 1551 3347 Macedonicus,
1585 3298 1774 3351 lorsque
1816 3296 2030 3349 Philippo
2059 3295 2139 3337 fut·

173 3359 421 3402 assassine.
462 3358 579 3403 Sous
605 3360 875 3407 Alexandra,
918 3360 951 3403 il
987 3364 1061 3403 est
1091 3358 1117 3402 a
1155 3363 1311 3401 tontes
1350 3357 1416 3400 les
1465 3357 1693 3411 batailles,
1724 3370 1782 3400 au
1827 3359 2072 3411 Granique,
2103 3354 2130 3397 a

174 3424 318 3477 Issus,
335 3421 360 3463 a
383 3421 593 3465 Arbeles.
630 3422 796 3476 Depuis
818 3428 940 3466 cette
969 3422 1162 3465 victoira
1189 3420 1223 3463 ii
1259 3422 1532 3474 gouvernait
1552 3423 1596 3463 la
1638 3418 1800 3472 Media,
1819 3419 1989 3475 charge
2013 3418 2129 3461 d'as-

177 3493 304 3527 surex-
328 3483 397 3527 les
425 3485 834 3529 communications
856 3485 913 3528 de
935 3483 1140 3529 l'armee.

229 3544 297 3590 26.
330 3545 430 3589 Ηεει·
456 3544 787 3600 impulerint...
813 3547 1095 3602 an.·Ellipse
1115 3548 1171 3591 de
1205 3548 1369 3591 utrum.
1402 3546 1478 3593 Cf.
1499 3548 1576 3602 111,
1595 3555 1694 3600 vin,
1715 3548 1822 3588 note
1846 3545 1919 3587 13.

2176 678 2245 732 29

2179 1034 2247 1089 30

2179 1302 2243 1356 31

2185 2460 2250 2514 34
