2517 3975
338 639 410 696 12

331 1171 404 1229 18

330 1349 402 1406 14

328 1526 400 1583 15

329 2059 401 2117 16

324 2322 395 2379 17

318 2766 394 2824 18

468 255 576 310 288
1226 269 1282 314 Q.
1319 269 1490 308 cunm
1526 270 1664 308 num

466 378 794 445 vobiscum,
824 391 935 447 pro
966 376 1219 447 imperio
1246 381 1450 433 vestro
1480 378 1840 450 sanguinem
1879 376 2161 443 fundunt,
2189 377 2283 448 qui
2315 391 2405 430 su-

464 466 649 538 perbe
693 465 880 520 habiti
925 465 1336 522 rebellassent.
1384 468 1520 523 Non
1570 470 1660 522 est
1708 465 1981 520 diuturna
2008 466 2335 536 possessio,
2360 466 2408 517 in

464 571 638 627 quam
679 554 875 629 gladio
898 554 920 578 *
950 556 1291 611 inducimur
1321 574 1334 611 :
1382 557 1811 611 beneficiorum
1847 558 2036 628 gratia
2082 557 2405 625 sempiterna

462 648 576 700 est.
617 644 681 699 Si
717 643 935 700 habere
960 644 1185 717 Asiam,
1217 662 1342 700 non
1369 647 1628 701 transire
1666 646 1964 714 volumuS‚
1994 661 2132 700 cum
2158 645 2252 699 his
2277 659 2403 698 com-

461 734 814 790 municanda
844 736 934 789 est
972 737 1181 789 nostra
1200 735 1240 762 ¹⁸
1271 733 1618 790 clementia:
1669 735 1882 790 horum
1926 734 2077 789 fides
2125 734 2327 789 stabile
2360 734 2402 786 et

459 827 739 881 aeternum
768 822 944 879 faciet
970 823 1309 894 imperium.
1341 824 1414 879 Et
1443 839 1588 878 sane
1617 824 1749 896 plus
1778 823 2091 892 habemuS,
2134 839 2299 895 quam
2323 836 2398 876 ca·

456 915 677 985 pimus,
707 912 1067 967 Insatiabilis
1094 916 1293 968 autem
1320 913 1573 968 avaritia
1610 916 1699 969 est
1725 912 1914 967 adhuc
1950 912 2204 983 implere
2254 911 2396 976 velle,

457 1001 618 1075 quod
636 1002 765 1072 jam
793 1001 1149 1056 circumfluit
1166 1001 1227 1057 ¹⁸.

526 1090 1008 1145 Verumtamen¹⁷
1049 1105 1258 1145 eorum
1303 1106 1500 1145 mores
1543 1091 1607 1144 in
1655 1087 2008 1144 Macedonas
2032 1085 2396 1144 transfundo!

456 1179 520 1233 In
549 1177 757 1233 multis
789 1179 947 1233 enim
977 1178 1252 1250 gentibus
1292 1196 1425 1235 esse
1455 1178 1652 1248 video,
1684 1185 1815 1250 quae
1842 1193 1968 1232 non
2005 1178 2400 1233 erubescamus

446 1266 676 1322 'imitari
701 1283 713 1323 :
761 1281 871 1322 nec
898 1266 1071 1322 aliter
1098 1270 1328 1322 tantum
1357 1268 1670 1338 imperium
1697 1269 1831 1335 apte
1861 1267 1984 1339 regi
2010 1269 2234 1337 potest,
2257 1279 2400 1335 quam

454 1355 577 1410 ut‘⁸
623 1355 884 1426 quaedam
931 1358 988 1411 et
1023 1355 1327 1410 tradamus
1372 1356 1493 1410 illis
1523 1358 1579 1410 et
1607 1354 1681 1410 ab
1710 1355 1899 1410 isdem
1925 1355 2251 1409 discamus,
2282 1351 2400 1408 Illud

453 1461 618 1518 paene
645 1445 896 1516 dignum
923 1445 1050 1500 risu
1077 1445 1210 1514 fuit,
1242 1446 1397 1516 quod
1427 1445 1783 1500 Hermolaus
1810 1444 2154 1515 postulabat
2183 1462 2218 1499 a
2246 1460 2334 1499 me
2355 1443 2400 1496 ut

454 1550 771 1589 aversarer
810 1533 841 1588 J
849 1549 1020 1589 ovem
1045 1533 1087 1602 *‚
1120 1533 1295 1606 eujus
1344 1534 1584 1589 oraculo
1611 1534 1633 1555 *
1672 1549 1990 1607 agnoscor.
2027 1534 2124 1587 An
2153 1534 2198 1561 ¹⁹
2230 1535 2398 1596 etiam,

455 1623 593 1695 quid
633 1623 693 1678 di
729 1622 1149 1693 respondeant,
1182 1624 1245 1677 in
1284 1638 1417 1678 mea
1452 1625 1742 1693 potestate
1780 1624 1913 1677 est?
1941 1621 2167 1677 Obtulit
2210 1635 2399 1677 nomen

454 1710 560 1765 filii
588 1711 767 1766 mihi:
800 1711 1064 1781 recipere
1092 1712 1244 1782 ipsis
1273 1712 1477 1778 rebus,
1511 1727 1660 1783 quas
1688 1713 1945 1783 agimus,
1975 1711 2135 1765 haud
2167 1711 2400 1771 alienum

452 1799 588 1857 fuit.
630 1800 869 1855 Utinam
917 1800 1050 1854 Indi
1097 1816 1335 1872 quoque
1382 1801 1552 1856 deum
1599 1817 1733 1857 esse
1782 1817 1875 1856 me
1925 1802 2208 1856 credant!
2240 1800 2398 1855 Fama

453 1888 608 1943 enim
648 1887 804 1942 bella
855 1891 1148 1955 constant,
1195 1891 1252 1943 et
1290 1905 1450 1960 saepe
1499 1888 1697 1958 etiam,
1730 1889 1887 1960 quod
1932 1888 2086 1944 falso
2129 1887 2397 1942 creditum

455 1982 564 2046 est,
586 1976 718 2031 veri
747 1976 938 2031 vicem
968 1975 1246 2032 obtinuit.

524 2065 617 2120 An
634 2066 676 2093 ²⁰
704 2082 793 2120 me
840 2066 1093 2122 luxuriae
1140 2065 1543 2138 indulgentem
1588 2068 1807 2136 putatis
1835 2082 1999 2120 arma
2034 2067 2240 2120 vestra
2274 2075 2396 2119 auro

451 2159 820 2228 argentoque
862 2155 1230 2211 adornasse?
1275 2155 1559 2210 Assuetis
1577 2156 1615 2183 ²¹
1666 2155 1815 2210 nihil
1854 2154 2038 2209 vilius
2089 2155 2202 2209 hac
2228 2153 2398 2210 videre

449 2243 693 2299 materia
746 2243 913 2298 volui
968 2243 1303 2313 ostendere,
1351 2243 1726 2315 Macedonas,
1770 2243 2029 2297 invictos
2078 2241 2312 2311 ceteris,
2338 2252 2402 2293 ne

450 2345 593 2387 auro
648 2330 884 2403 quidem
919 2331 1099 2387 vinci.
1156 2331 1375 2387 Oculos
1404 2346 1550 2405 ergo
1603 2331 1860 2401 primum
1903 2346 2131 2402 eorum,
2180 2326 2402 2385 sordida

446 2420 646 2475 omnia
675 2423 731 2475 et
761 2419 1009 2474 humilia
1039 2420 1533 2491 exspectantium,
1565 2421 1814 2491 capiam,
1835 2423 1891 2474 et
1908 2419 2129 2475 docebo
2158 2433 2265 2472 nos
2294 2429 2402 2470 non

445 2509 578 2564 auri
606 2512 706 2565 aut
735 2510 973 2582 argenti
1002 2510 1275 2581 cupidos,
1303 2508 1409 2564 sed
1454 2508 1658 2565 orbem
1697 2512 1992 2565 terrarum
2038 2508 2396 2569 subacturoS,

443 2597 681 2666 venire.
718 2594 906 2661 Quam
932 2597 1184 2671 gloriam
1213 2600 1296 2666 tu,
1333 2597 1629 2668 parricida
1650 2597 1710 2666 ²¹,
1750 2598 2107 2668 intercipere
2148 2591 2398 2656 voluisti,

444 2687 503 2739 et
529 2684 905 2762 MacedonaS‚
935 2701 1077 2759 rege
1108 2683 1398 2756 adempto,
1431 2685 1681 2740 devictis
1709 2685 1991 2756 gentibus
2018 2684 2247 2740 dedere.

515 2774 600 2829 Ac
625 2764 784 2830 nunc
810 2791 1020 2830 mones
1066 2790 1161 2830 me
1202 2776 1265 2828 ut
1310 2774 1536 2828 vestris
1580 2772 1932 2845 parentibus
1959 2769 2221 2845 parcam!
2272 2767 2398 2823 Non

446 2863 754 2935 oportebat
771 2863 814 2892 ¹⁸
840 2863 1078 2937 quidem
1103 2879 1217 2919 vos
1254 2863 1410 2918 scire
1453 2861 1596 2935 quid
1641 2863 1716 2918 de
1766 2862 1863 2918 his
1906 2862 2262 2926 statuissem,
2295 2871 2403 2926 quo

495 3090 571 3136 15.
604 3089 765 3135 Nostra
790 3102 908 3147 pour
930 3103 1038 3137 mea.
1071 3093 1146 3142 Cf.
1172 3095 1244 3147 ΙΙΙ,
1265 3102 1330 3148 vi,
1350 3097 1460 3136 note
1476 3097 1527 3139 6.

500 3152 567 3198 16.
600 3152 719 3204 Quod
746 3154 1012 3208 circumfluit
1038 3155 1350 3211 n’appartient
1380 3166 1462 3211 pas
1484 3154 1511 3199 a
1536 3154 1581 3199 la
1609 3165 1745 3211 prose
1771 3153 2027 3211 classique.

496 3216 569 3260 17.
612 3214 928 3260 Verumtamen.
957 3218 1178 3263 Nouvelle
1207 3218 1461 3272 objection.

496 3279 571 3321 18.
603 3276 807 3341 Aliter...
829 3289 954 3331 quam
971 3283 1039 3333 nt,
1061 3284 1324 3324 auti-emeat
1347 3278 1453 3335 qu’a
1478 3277 1527 3324 la
1553 3279 1790 3325 condition
1808 3291 1918 3336 que.

495 3335 568 3380 19.
603 3338 672 3379 An
699 3340 773 3378 est
800 3338 950 3381 moins
970 3339 1186 3394 frequent
1206 3352 1299 3397 que
1317 3352 1418 3385 num
1441 3348 1500 3386 ou
1523 3354 1577 3385 ne
1595 3341 1713 3387 dans
1733 3343 1803 3387 les
1822 3339 2167 3395 interrogations
2183 3337 2397 3393 simplos„

493 3397 570 3440 20.
603 3396 690 3437 An.
724 3396 866 3439 Heme
894 3409 1155 3455 remarque.

494 3459 570 3497 21.
604 3455 830 3508 Assume,
857 3467 976 3501 s.-e.
1013 3461 1153 3505 Indis.

494 3514 566 3560 22.
600 3514 853 3558 Parricida.
880 3518 949 3560 Ct'.
984 3523 1056 3570 ΙΙΙ,
1085 3533 1147 3575 vi,
1176 3530 1284 3569 note
1314 3531 1387 3574 10.

489 3579 571 3617 23.
603 3575 696 3618 Non
719 3576 957 3628 oportebat.
988 3583 1075 3622 Sur
1104 3587 1177 3624 cet
1205 3585 1454 3639 imparrait,
1486 3591 1550 3636 cf.
1585 3591 1658 3643 111,
1682 3601 1741 3643 lv,
1765 3596 1872 3635 note
1890 3598 1936 3636 6.
