2517 3975
911 686 1229 753 LIBER
1287 685 1396 752 IX

852 1198 1102 1254 CAPUT
1140 1197 1449 1253 PRIMUM

289 1350 584 1402 Alexandro
614 1351 825 1413 penetro
853 1348 1070 1411 ,iusqu'a
1100 1348 1399 1410 l’Hydaspe.
1431 1374 1494 1383 —
1526 1346 1598 1396 Le
1629 1347 1710 1396 roi
1742 1346 2009 1411 Sopithes.

1022 1475 1135 1536 (fite,
1162 1480 1291 1534 326.)

238 1642 600 1711 Alexander,
616 1643 738 1696 tam
770 1639 1140 1696 memorabili
1159 1638 1405 1694 victoria
1423 1638 1618 1705 laetus,
1636 1654 1750 1710 qua
1778 1637 1896 1693 sibi
1920 1637 2129 1692 Orien—

162 1733 246 1787 tis
276 1731 444 1786 finis¹
477 1733 712 1801 apertos
741 1746 877 1784 esse
906 1729 1208 1799 censebat,
1239 1728 1368 1782 Soli
1397 1729 1653 1783 victimis
1681 1728 1879 1796 caesiS‚
1912 1727 2131 1782 milites

164 1836 421 1892 quoque,
469 1836 584 1891 quo
630 1817 1095 1890 promptioribus
1142 1817 1356 1871 animis
1386 1817 1613 1887 reliqua
1649 1816 1828 1872 belli²
1875 1816 2127 1882 obirent,

161 1925 277 1981 pro
309 1909 582 1963 contione
605 1906 872 1962 laudatos
910 1905 1127 1973 docuit,
1165 1926 1186 1952 α
1223 1903 1504 1976 quidquid
1542 1904 1704 1959 Indis
1732 1903 1947 1959 virium
1973 1904 2129 1958 fuis-

163 2005 280 2065 set,
327 1996 431 2051 illa
474 1995 850 2051 dimicatione
890 1995 1301 2065 prostratum:
1345 1995 1536 2048 cetera
1579 1995 1832 2063 opimam
1868 1993 2128 2064 praedam

162 2085 322 2153 fore,
353 2084 800 2155 celebratasque
832 2098 978 2152 opes
1008 2084 1071 2135 in
1099 2096 1169 2136 ea
1196 2081 1442 2152 regione
1473 2081 1731 2136 eminere
1748 2081 1789 2150 ⁸,
1822 2097 1994 2152 quam
2028 2097 2127 2152 pe-

160 2176 378 2229 terent.
401 2172 661 2227 Proinde
686 2172 811 2243 jam
830 2170 974 2224 vilia
1002 2172 1058 2224 et
1086 2169 1357 2224 obsoleta
1386 2183 1521 2223 esse
1548 2169 1743 2240 spolia
1767 2169 1838 2224 de
1860 2170 2122 2226 Persis⁴t

164 2263 427 2332 gemmis
471 2260 944 2333 margaritisque,
988 2261 1046 2313 et
1087 2273 1232 2312 auro
1278 2262 1451 2327 atque
1493 2257 1676 2313 ebore
1724 2259 2128 2315 Macedoniam

160 2350 591 2420 Graeciamque,
623 2365 744 2403 non
770 2363 913 2402 suas
933 2350 1158 2401 tantum
1183 2345 1392 2400 domos
1412 2345 1699 2415 repletum
1728 2346 1816 2401 ire
1829 2347 1870 2401 ⁸.
1896 2366 1923 2398 »
1950 2345 2124 2400 Avidi

161 2439 389 2494 milites
419 2441 477 2494 et
501 2438 768 2508 pecuniae
799 2438 855 2491 et
880 2435 1104 2509 gloriae.
1132 2433 1307 2489 simul
1331 2437 1466 2504 quia
1495 2450 1811 2506 numquam
1839 2451 1942 2490 eos
1972 2436 2128 2490 affir-

158 2529 348 2584 matio
403 2527 537 2598 ejus
590 2525 906 2591 fefellerat,
963 2525 1320 2594 pollicentur
1374 2539 1632 2593 operam.
1684 2523 2078 2596 Dimissisque
2105 2527 2126 2555 ⁸

161 2633 300 2672 cum
341 2615 502 2671 bona
541 2631 678 2687 spe,
721 2613 958 2685 navigia
1002 2610 1361 2667 exaedificari
1399 2611 1599 2683 jubet,
1637 2613 1729 2680 ut,
1771 2627 1904 2666 cum
1944 2616 2125 2668 totam

160 2690 371 2760 Asiam
418 2701 919 2774 percucurrisset,
966 2699 1146 2754 finem
1191 2702 1510 2765 terrarum,
1553 2715 1716 2755 mare
1744 2699 1764 2727 '¹
1808 2700 2116 2757 inviseret.

161 2794 348 2847 Multa
384 2790 668 2846 materia⁸
692 2789 925 2844 navalis
974 2789 1037 2843 in
1073 2788 1368 2859 proximis
1411 2787 1707 2843 montibus
1748 2791 1874 2843 erat
1903 2803 1922 2842 z
1950 2806 2124 2860 quam

217 2991 252 3031 1.
285 3010 339 3022 —
364 2990 412 3033 1.
440 2985 584 3030 Finis.
615 2986 703 3028 Sur
730 2986 805 3026 cet
827 2979 1062 3024 accusatis
1082 2991 1141 3024 en
1169 2980 1228 3035 is,
1250 2980 1317 3025 cf.
1340 2984 1414 3035 111,
1436 2982 1506 3036 12,
1534 2987 1641 3028 note
1670 2982 1717 3027 4.

212 3056 261 3095 2.
297 3050 485 3105 Reliqua
520 3046 649 3091 belli.
697 3042 899 3100 Adjectif
931 3049 1099 3088 neutre
1150 3054 1265 3086 avec
1305 3054 1370 3086 un
1415 3042 1581 3099 genitis
1605 3043 1800 3100 partitis.
1843 3044 1917 3094 ct,
1947 3049 2120 3104 111‚v11‚

162 3118 269 3157 note
299 3114 372 3156 11.

212 3182 260 3223 3.
297 3175 524 3227 Emisere,
539 3181 658 3226 pour
684 3169 850 3214 abunde
875 3177 990 3222 esee,
1018 3166 1138 3210 n'est
1163 3176 1247 3220 pas
1267 3166 1523 3223 classique.

211 3239 260 3284 4.
294 3236 449 3291 Spolia
475 3235 530 3279 de
558 3233 710 3279 Pereia
736 3232 857 3275 n’est
884 3241 967 3285 pas
995 3240 1087 3272 une
1106 3228 1425 3273 construction
1448 3231 1702 3288 classique.

211 3301 256 3345 5.
286 3300 374 3353 Ire,
397 3298 562 3353 ellipse
584 3297 649 3342 du
669 3295 796 3350 sujet
814 3303 911 3335 eos.

211 3364 256 3408 6.
287 3360 516 3413 Dimittis,
541 3358 710 3413 ellipse
729 3355 785 3399 de
804 3355 885 3400 iis.

211 3427 260 3469 ’1.
297 3424 437 3473 Nare,
473 3423 603 3478 finem
630 3424 868 3464 terrarum.
903 3415 1100 3462 Homero
1122 3416 1304 3472 croyait
1319 3416 1365 3461 la
1387 3420 1514 3462 terre
1541 3419 1765 3465 entem-ee
1796 3432 1881 3477 par
1918 3421 2114 3467 recean.

163 3491 297 3533 cette
320 3485 595 3541 conception
623 3494 651 3526 a
669 3481 744 3525 ete
767 3479 886 3525 celle
903 3478 962 3524 de
986 3478 1261 3534 l’antiquite.

211 3552 261 3597 8.
297 3547 501 3598 uatem,
525 3545 626 3590 bois
655 3544 684 3587 δ
709 3541 990 3588 construite.
1023 3539 1229 3596 bionum,
1246 3541 1352 3586 bois
1379 3542 1408 3586 ὲ
1435 3542 1609 3589 bruler.

1874 3640 1935 3691 18

2184 1629 2214 1683 1
