2517 3975
197 566 266 620 17

199 745 267 817 18

200 1009 266 1066 19

197 1100 269 1154 ΞΟ

319 178 390 232 80
1080 192 1133 236 Q.
1175 191 1344 230 cuam
1383 191 1519 229 num

321 304 435 358 est.
473 301 828 356 Incredibile
849 301 1030 369 dictu,
1053 300 1210 359 inter
1235 301 1440 354 vastas
1474 298 1822 377 solitudines
1861 300 1993 363 sita,
2027 297 2294 370 undique

320 389 718 444 ambientibus
745 389 952 457 ramis,
981 389 1087 442 vix
1124 388 1184 441 in
1223 387 1470 442 densam
1505 387 1776 445 umbram
1806 386 2051 442 cadente
2079 387 2211 442 sole
2230 387 2295 454 ²¹,

321 480 591 535 contecta
631 480 754 541 est3
796 477 1083 547 multique
1118 475 1335 545 tentae,
1366 475 1642 530 dulcibus
1689 476 1861 547 aquis
1904 475 2132 545 passim
2174 491 2303 530 ma-

322 566 626 633 nantibuS‚
658 567 821 621 alunt
849 566 1063 621 silvas,
1103 564 1251 621 Coeli
1290 578 1521 636 quoque
1561 565 1708 619 mira
1739 565 2300 634 temperie8‚‘verno

322 657 519 726 tepori
548 656 803 710 maxime
833 654 1073 721 similia,
1108 669 1319 709 omnes
1364 651 1503 707 anni
1543 656 1746 724 partes
1772 654 1906 723 pari
1950 652 2304 709 salubritate

321 744 615 814 percurrit
629 728 955 798 ²²..Accolae
993 742 1154 798 sedis
1192 743 1350 808 sunt,
1384 742 1457 796 ab
1493 742 1734 809 oriente,
1765 742 2023 813 proximi
2050 741 2304 798 AEthio-

321 833 531 904 pum¹³.
560 835 625 888 In
653 833 960 889 meridiem
989 847 1228 887 versam
1246 831 1288 858 ’⁸
1306 830 1529 885 Arabes
1552 834 1836 900 spectant,
1865 831 2306 903 Troglodytis³⁸

322 937 657 994 cognomen
677 924 796 976 est:
821 922 1032 979 horum
1054 921 1218 992 regio
1239 934 1429 989 usque
1450 919 1520 974 ad
1544 919 1812 974 Rubrum
1829 935 1994 978 mare
2014 922 2303 976 excurrit.

323 1010 398 1065 At
444 1025 558 1079 qua
597 1009 794 1081 vergit
838 1010 908 1063 ad
959 1008 1338 1074 occidentem,
1379 1008 1481 1061 alii
1526 997 1856 1079 AEthiopes'
1889 1009 2111 1074 colunt,
2142 1025 2303 1081 quos

322 1097 564 1154 Simuos
580 1097 624 1124 ’ὃ
660 1099 903 1156 vocant.
937 1098 987 1152 A
1023 1097 1434 1168 septentrione
1471 1097 1845 1152 Nasamones
1865 1097 1904 1125 ¹⁷
1943 1101 2100 1164 sunt,
2145 1113 2302 1169 gens

323 1185 575 1255 Syrtica,
608 1187 987 1258 navigiorum
1022 1187 1236 1258 spoliis
1253 1187 1293 1214 ¹⁸
1323 1189 1656 1257 quaestuosa
1675 1185 1734 1252 ³⁹,
1768 1187 1986 1257 quippe
2019 1186 2304 1243 obsident

323 1274 540 1340 littora,
572 1277 630 1330 et
659 1277 807 1329 aestu
836 1274 1111 1331 destituta
1148 1275 1397 1347 navigia
1432 1275 1593 1330 notis
1622 1274 1741 1329 sibi
1773 1275 1939 1330 vadis
1970 1279 2293 1347 occupant.

397 1364 612 1418 Incolae
644 1363 929 1432 nemoriS,
972 1374 1151 1434 quos¹
1178 1363 1568 1419 Hammonios
1598 1364 1836 1428 vocant,
1870 1362 2164 1434 dispersis
2206 1366 2303 1418 tu-

326 1452 513 1524 guriis
555 1452 821 1507 habitant
872 1465 886 1505 :
936 1451 1197 1506 medium
1221 1466 1437 1506 nemus
1484 1465 1592 1521 pro
1640 1467 1774 1506 arce
1804 1450 2041 1518 habent,
2072 1452 2302 1521 triplici

326 1555 497 1594 muro
544 1540 987 1595 circumdatum.
1040 1540 1240 1594 Prima
1292 1540 1542 1594 munitio
1598 1543 1986 1609 tyrannorum
2026 1543 2302 1595 veterum

326 1630 556 1698 regiam
586 1629 837 1682 clausit:
876 1628 940 1681 in
969 1628 1241 1698 proxima
1269 1627 1560 1700 conjuges
1591 1640 1799 1682 eorum
1840 1643 1974 1682 cum
2001 1628 2213 1684 liberis
2245 1634 2307 1684 et

326 1715 621 1788 pelicibus
652 1715 992 1770 habitabant
1017 1730 1030 1770 :
1058 1716 1154 1771 hic
1173 1732 1407 1787 quoque
1434 1717 1529 1773 dei
1560 1717 1862 1773 oraculum
1882 1718 1904 1739 *
1934 1722 2029 1773 est
2053 1736 2066 1773 ε
2092 1719 2304 1775 ultima

329 1804 694 1860 munimenta
742 1804 1060 1858 satellitum
1097 1804 1646 1877 armigerorumque
1687 1804 1864 1861 sedes
1892 1810 2074 1863 erant.
2108 1807 2216 1861 Est
2245 1812 2307 1862 et

329 1892 490 1948 aliud
517 1892 868 1947 Hammonis
915 1907 1126 1948 nemus
1162 1906 1175 1946 τ
1207 1893 1271 1948 in
1302 1893 1496 1949 medio
1539 1894 1716 1949 habet
1742 1892 2020 1950 fontem³⁰
2045 1926 2117 1936 —
2142 1895 2307 1951 Solis

331 1999 542 2054 aquam
589 1986 817 2038 vocant.
865 1980 989 2042 Sub
1028 1979 1177 2037 lucis
1215 1986 1411 2038 ortum
1461 1983 1659 2053 tepida
1703 1987 1925 2050 manat;
1958 1984 2144 2040 medio
2181 1986 2303 2054 die,

330 2072 504 2143 euJ’us
536 2070 1095 2125 vehementissimus
1125 2072 1217 2142 est
1245 2069 1426 2136 calor,
1455 2070 1673 2144 frigida
1712 2071 1915 2126 eadem
1943 2072 2099 2141 fluit;
2132 2072 2306 2127 incli-

285 2191 290 2197 ·
333 2162 470 2215 nato
500 2160 564 2215 in
592 2172 924 2229 vesperam,
955 2158 1220 2224 calescit;
1256 2159 1451 2213 media
1478 2162 1675 2225 nocte,
1710 2158 1940 2214 fervida
1990 2163 2301 2228 exaestuat,

329 2379 389 2431 'ae
417 2386 603 2442 syouatn,
625 2385 652 2429 a
679 2385 760 2431 350
787 2380 1051 2429 kilometres
1079 2383 1273 2428 environ
1300 2395 1360 2428 au
1390 2385 1634 2430 sud-ouest
1662 2385 2001 2435 d'Alexandrie.
2029 2390 2113 2431 Les
2143 2388 2310 2435 ruines

335 2450 405 2502 du,
428 2451 598 2503 temple
623 2460 675 2492 se
693 2450 848 2492 voient
867 2458 1056 2491 encore.

389 2510 463 2556 21.
497 2511 547 2553 In
577 2512 767 2554 umbram
795 2511 978 2554 cadente
999 2509 1093 2553 sole
1121 2508 1241 2553 n’est
1260 2520 1342 2564 pas
1372 2521 1463 2554 une
1491 2512 1698 2557 locution
1728 2511 1979 2568 classique.

389 2573 463 2617 22.
503 2572 657 2616 Omnes
681 2574 787 2616 anni
812 2576 967 2628 partes
990 2572 1235 2627 percurrit,
1264 2571 1503 2627 poetique.

389 2636 464 2680 23.
498 2634 770 2689 AEthiopum.
804 2635 925 2679 C’est
956 2646 1048 2679 une
1083 2634 1367 2689 appellation
1396 2636 1639 2689 generale.
1666 2641 1751 2681 Les
1787 2639 1927 2681 Grees
1966 2643 2044 2681 ont
2073 2638 2229 2682 donne
2257 2649 2316 2684 ee

339 2708 447 2741 nom
477 2696 504 2740 a
530 2701 680 2740 toutes
709 2698 778 2741 les
813 2698 997 2742 nations
1025 2711 1084 2742 au
1122 2697 1240 2741 teint
1278 2696 1379 2740 noir
1408 2710 1466 2742 ou
1495 2699 1656 2743 cuivre
1685 2700 1743 2743 de
1771 2698 1907 2743 l'Asie
1938 2697 2238 2744 meridionala
2268 2707 2320 2746 et

340 2761 399 2804 de
426 2760 472 2803 la
499 2758 661 2814 region
687 2758 868 2804 du.Nil.
903 2763 1069 2812 Quinte
1087 2763 1233 2805 curce
1263 2759 1492 2815 l'emploie
1521 2761 1781 2817 egalement
1807 2773 1913 2807 sans
1942 2762 2199 2818 precision.

394 2821 467 2866 24.
509 2821 702 2869 Versum,
731 2824 1074 2867 sous-entendu
1090 2823 1255 2866 sedem.

394 2884 467 2928 25.
506 2882 808 2937 Troqlodytis.
848 2886 907 2927 lls
945 2884 1202 2929 habitaient
1231 2884 1316 2928 des
1347 2895 1598 2939 cavernos3
1632 2887 1689 2929 de
1721 2886 1768 2929 la
1805 2887 1908 2930 leur
1943 2899 2051 2932 nom
2079 2879 2316 2944 (τρώγλη.

342 2950 463 2994 troii,
505 2938 627 2996 δύω,
676 2947 874 3002 entrer).
910 2950 972 2991 Le
1014 2948 1276 3002 geographe
1318 2947 1548 2992 Ptolemee
1590 2950 1722 3002 place
1769 2960 1847 2992 ces
1886 2951 2078 3009 peuples
2116 2947 2232 2993 dans
2275 2953 2321 2994 la

346 3007 505 3063 region
533 3009 591 3052 de
617 3008 665 3052 la
703 3008 850 3073 Nubis
879 3010 1119 3055 moderna.
1161 3008 1331 3063 Quinte
1379 3012 1523 3053 curce
1560 3012 1740 3055 semble
1769 3012 1873 3056 leur
1904 3011 2080 3056 donner
2111 3023 2176 3057 un
2200 3024 2319 3072 pays

343 3072 585 3124 beaucoup
605 3072 711 3126 plus
729 3075 884 3116 vaste.

397 3134 469 3178 26.
507 3135 702 3179 Simuos.
728 3137 847 3178 Nous
869 3145 928 3177 ne
947 3135 1254 3180 connaissons
1275 3147 1358 3191 pas
1378 3145 1432 3179 ce
1451 3137 1639 3191 peuple.

395 3199 472 3240 27.
505 3195 788 3239 Nasamones.
821 3198 909 3239 Les
957 3199 1202 3241 Nasamons
1231 3196 1489 3241 habitaient
1518 3199 1562 3241 la
1589 3197 1743 3253 Libye,
1791 3209 1898 3243 vers
1943 3200 1988 3244 le
2017 3199 2126 3244 fond
2175 3202 2235 3246 de
2274 3203 2319 3245 la

346 3259 521 3314 grande
548 3260 715 3312 syrte:
737 3258 795 3302 de
821 3257 870 3300 -la
896 3257 941 3300 le
971 3268 1076 3301 nom
1103 3260 1161 3304 de
1177 3271 1287 3314 oens
1315 3258 1515 3314 syrtica.
1553 3263 1639 3306 Les
1678 3260 1800 3304 deux
1838 3264 2002 3317 syrtes
2022 3262 2162 3317 (gelre
2191 3264 2253 3309 dc
2281 3266 2325 3307 la

346 3322 479 3366 Sidre
502 3318 701 3382 etgolte
730 3318 789 3364 de
809 3318 978 3374 Gabes)
997 3320 1220 3376 baignent
1238 3323 1283 3365 la
1302 3321 1601 3376 Tripolitaine
1630 3322 1873 3369 moderna.

399 3385 471 3430 28.
508 3382 694 3439 spoliis.
730 3385 764 3424 A
785 3380 989 3434 rablatir,
1002 3382 1263 3438 dependant
1295 3385 1354 3428 de
1383 3388 1651 3439 quaestuosa.

400 3447 475 3492 29.
506 3445 785 3499 Quaestuosa,
804 3444 1091 3489 c'est-a-dire
1120 3450 1335 3500 quactum
1360 3446 1552 3500 faciens.

399 3510 474 3556 30.
509 3509 707 3555 Fontem.
742 3507 840 3551 Elle
860 3511 934 3551 est
952 3505 1129 3551 deci-ite
1147 3518 1230 3562 par
1250 3509 1477 3554 Herodoto
1513 3511 1602 3565 (lv,
1630 3510 1701 3567 81)
1721 3510 1859 3555 d'une
1881 3509 2014 3566 facon
2051 3510 2324 3569 identiquc.
