2517 3975
663 229 1056 268 ms‘ronmauu
1091 229 1429 270 ‚annuum
1465 232 1523 279 x,
1569 232 1609 268 1.
2015 213 2121 269 355

137 336 435 406 cuiquam
474 350 609 389 esse
637 336 987 390 diuturnam.
1023 337 1171 403 Rex,
1203 336 1441 407 cognita
1472 352 1672 402 eausa,
1711 338 2119 406 pronuntiavit

135 424 213 480 ab
244 425 704 478 accusatoribus
735 440 938 493 unum,
968 427 1023 479 et
1054 425 1114 478 id
1144 426 1484 491 maximum,
1518 426 1740 479 crimen
1789 441 1922 480 esse
1964 443 2119 496 prae-

134 513 415 577 teritum,
449 511 919 582 desperationem
958 514 1167 568 salutis
1211 529 1336 567 suae
1368 531 1380 566 :
1414 528 1735 583 numquam
1783 514 1939 567 enim
1985 514 2122 568 talia

134 616 436 667 ausurw,
465 602 560 669 qui
592 602 790 670 ipsum
822 618 896 655 ex
930 602 1094 656 India
1127 605 1418 672 sospitem
1450 605 1547 656 aut
1578 604 1883 671 optassent
1912 619 2122 657 rever·-

131 690 216 746 ti⁶
248 692 360 744 aut
387 689 778 744 credidissent
809 706 1209 745 reversurum.
1245 692 1435 762 Igitur
1482 691 1592 745 hos
1635 689 1867 761 quidem
1905 692 2121 757 vinxit,

132 796 212 835 nc
249 781 457 834 autem
483 778 750 846 militum,
785 779 887 849 qui
918 780 1168 833 saevitiae
1198 795 1406 833 eorum
1436 780 1692 832 ministri
1741 778 1993 849 fuerant,
2023 780 2121 834 in-

133 865 589 936 terfici-jussit.
635 866 858 922 Eodem
899 867 993 922 die
1042 870 1341 938 sumptum
1383 870 1471 921 est
1519 866 1875 937 supplicium
1922 867 1994 920 de
2041 867 2119 922 iis

134 970 414 1027 quoque,
445 970 609 1024 quOS,
642 958 916 1010 auctores
934 956 953 983 '¹
973 955 1321 1010 defectionis
1344 956 1682 1024 Persarum,
1713 955 1990 1011 Craterus
2018 953 2121 1009 ad·-

134 1042 460 1099 duxerat⁸.

208 1130 400 1186 Haud
430 1131 613 1185 multo
643 1134 798 1200 post,
833 1131 1138 1187 Nearchus
1176 1135 1230 1185 et
1260 1131 1647 1200 OnesicrituS,
1682 1148 1834 1203 quos
1881 1132 2121 1203 longius

133 1222 201 1278 in
236 1220 546 1274 Oceanum
578 1221 893 1288 procedere
928 1220 1191 1291 jusserat
1209 1220 1247 1285 ⁹,
1283 1221 1727 1290 superveniunt.
1761 1222 2124 1276 Nuntiabant

133 1311 351 1365 autem
382 1308 646 1377 quaedam
675 1308 891 1379 audita,
911 1309 1025 1362 alia
1046 1311 1346 1377 comperta
1371 1325 1383 1361 z
1421 1330 1442 1355 «
1479 1308 1740 1361 Insulam
1759 1309 1799 1336 ¹⁰
1829 1310 1979 1364 ostio
2001 1326 2123 1363 am·-

131 1399 244 1453 nis
279 1394 575 1464 objectam
602 1411 749 1451 auro
780 1396 1099 1462 abundare,
1131 1397 1366 1465 inopem
1396 1411 1677 1465 equorum
1700 1411 1837 1450 esse
1866 1413 1880 1448 :
1913 1398 2123 1468 singu-

133 1486 239 1542 los
274 1498 391 1539 eos
421 1488 829 1552 compererant
866 1484 940 1538 ah
971 1485 1066 1551 iis„
1097 1485 1200 1555 qui
1229 1500 1301 1538 ex
1333 1485 1655 1538 continenti
1697 1484 1974 1553 trajicere
2012 1501 2121 1538 au·-

134 1574 391 1640 derent‚
415 1573 678 1643 singulis,
703 1573 966 1630 talentis*
986 1575 1125 1630 emi.
1150 1573 1400 1626 Plenum
1429 1588 1566 1627 esse
1593 1572 1893 1626 beluarum
1918 1588 2080 1628 mare
2107 1586 2120 1626 ε

134 1667 309 1720 aestu
338 1662 601 1716 secundo
621 1662 658 1689 ¹¹
679 1677 780 1716 eas
799 1660 965 1731 ferri,
987 1678 1335 1733 magnarum
1360 1662 1598 1715 navium
1620 1676 1867 1732 corpora
1888 1676 2128 1731 aequan-

133 1758 272 1816 tem
328 1751 483 1804 truci
521 1753 697 1804 cantu
744 1751 1056 1805 deterritas
1113 1752 1284 1821 sequi
1300 1750 1342 1779 ¹³
1391 1752 1663 1818 classem,
1721 1766 1849 1804 cum
1906 1766 2123 1822 magno

136 1839 420 1912 aequoris
454 1840 725 1908 strepitu,
757 1841 918 1894 velut
961 1840 1231 1894 demersa
1278 1841 1533 1911 navigia,
1573 1839 1812 1893 subisse
1853 1855 2059 1909 aquae.
2095 1861 2119 1889 n

134 1931 369 1988 Cetera
398 1928 611 1981 incolis
639 1928 1027 1994 crediderant,
1061 1930 1215 1982 inter
1243 1943 1411 1998 quae:
1450 1947 1475 1978 ε(
1509 1928 1775 1981 Rubrum
1811 1942 1971 1981 mare
2007 1942 2126 1984 non

136 2037 174 2075 a
204 2017 417 2075 colore
464 2016 775 2084 undarum,
808 2019 870 2069 ut
913 2017 1178 2087 plerique
1217 2017 1540 2085 crederent,
1573 2016 1681 2069 sed
1711 2016 1783 2070 ab
1813 2015 2127 2087 Erythro¹³

133 2122 301 2180 rege
332 2106 648 2174 appellari;
685 2121 818 2160 esse
856 2106 1011 2159 haud
1039 2106 1245 2175 procul
1277 2122 1307 2159 a
1337 2106 1658 2160 continenti
1687 2106 1966 2171 insulam,
1996 2105 2126 2174 pal-

132 2197 269 2252 mis
302 2193 715 2263 frequentibus
746 2195 1054 2260 consitam,
1089 2197 1144 2249 et
1174 2196 1236 2248 in
1266 2194 1457 2249 medio
1484 2193 1610 2247 fere
1637 2208 1878 2247 nemore
1908 2193 2129 2247 colum-

134 2301 293 2342 nam
340 2284 622 2348 eminere,
655 2282 897 2352 Erythri
953 2284 1119 2354 regis
1167 2286 1630 2349 monumentum,
1678 2282 1892 2336 litteris
1935 2282 2128 2354 gentis

136 2375 290 2447 ejus
320 2371 602 2440 scriptam
622 2372 682 2423 ¹⁴.
720 2394 741 2418 »
775 2371 1151 2442 Adjiciebant
1185 2394 1206 2419 «
1250 2372 1512 2442 navigia,
1546 2387 1677 2441 quae
1713 2371 1866 2424 lixas
1909 2387 2129 2425 merca-

135 2466 435 2528 toresque
463 2459 790 2528 vexissent‚
825 2459 1040 2515 famam
1079 2460 1208 2515 auri
1254 2460 1475 2514 secutis
1510 2459 2033 2535 gubernatoribUS,
2066 2459 2128 2519 in

133 2548 416 2608 insulam
446 2561 580 2605 esse
612 2549 985 2616 transmissa,
1016 2565 1124 2603 nee
1154 2548 1362 2603 deinde
1390 2549 1462 2603 ab
1502 2549 1579 2603 iis
1598 2549 1638 2575 ¹⁶
1664 2552 1871 2618 postea
1908 2547 2038 2602 visa
2075 2570 2124 2605 υ.

195 2751 245 2792 6.
279 2742 390 2798 Opto
410 2754 522 2786 avec
551 2743 779 2787 l’infinitif.
804 2744 896 2799 cf„
914 2749 1124 2799 praeopto,
1153 2748 1204 2799 V,
1223 2755 1309 2795 ιιι,
1339 2750 1446 2787 note
1474 2748 1515 2789 9.

192 2814 244 2853 7,
285 2806 521 2850 Amatores.
558 2807 641 2857 Cf„
665 2817 744 2849 sur
777 2818 829 2849 ce
860 2811 971 2861 mot,
991 2810 1059 2859 lv,
1079 2818 1148 2858 111,
1170 2811 1276 2850 note
1305 2810 1376 2850 29.
1478 2801 1482 2806 ’

196 2874 249 2915 8.
287 2867 561 2919 Αιίάιιεεεναι,
596 2872 668 2918 lx,
701 2879 749 2920 x,
776 2873 849 2914 20.

196 2938 251 2980 9.
286 2930 505 2977 Iusserat.
529 2934 597 2981 lx,
630 2942 673 2984 x,
694 2936 739 2976 3.

198 2998 277 3039 10.
305 2993 500 3035 Insulam
521 2992 683 3047 (Pline,
703 2994 823 3036 Hstt.
849 2993 966 3045 Nat„
988 2996 1060 3042 Vl,
1087 2992 1176 3048 80).

200 3062 277 3101 ss.
317 3053 447 3097 AEstu
492 3055 694 3109 seeundo,
744 3067 921 3100 comme
985 3060 1139 3099 ae-stum
1192 3057 1422 3109 sequentes
1440 3086 1452 3104 ‚
1508 3065 1566 3098 en
1626 3053 1813 3097 suivant
1863 3052 1909 3095 le
1954 3051 2048 3103 ssot,
2086 3052 2130 3096 la

133 3117 333 3167 mareo-

202 3185 277 3226 ¹2.
319 3179 529 3222 Deterreo
575 3190 687 3223 avec
726 3179 946 3224 l’infinitif
971 3185 1044 3224 est
1073 3180 1167 3224 tres
1196 3190 1314 3222 rare.
1346 3178 1550 3231 Nefas-ias
1579 3179 1677 3232 ejus
1706 3177 1914 3221 libidines
1942 3186 2128 3220 comme·

136 3252 329 3288 morare
357 3240 523 3294 pudore
552 3243 798 3285 deterreor.
829 3246 886 3286 La
919 3241 1101 3298 pudeur
1134 3240 1421 3295 m'empeche
1452 3241 1508 3284 de
1534 3246 1746 3284 raconter
1771 3251 1846 3282 ses
1875 3239 2127 3283 honteuses

136 3302 427 3351 debauches
458 3303 592 3356 (Cic.,
647 3305 795 3357 Ver-ru,
823 3308 855 3357 1,
887 3316 927 3357 v,
960 3304 1048 3360 14).
1085 3326 1138 3337 —
1184 3306 1245 3347 Ce
1274 3303 1419 3347 verbe
1448 3315 1500 3347 se
1529 3302 1757 3351 construit
1776 3313 1893 3348 aveo
1912 3313 1981 3354 ne,
2005 3300 2126 3356 quin,

137 3377 413 3424 quomznuS.

202 3432 279 3474 13.
309 3426 521 3481 Erythro.
548 3429 612 3470 Cf.
640 3431 748 3481 Vni,
768 3433 811 3479 9,
832 3434 937 3473 note
964 3432 1034 3473 28.

207 3497 287 3537 14.
314 3490 548 3543 Scriptum,
580 3502 695 3544 pour
725 3491 996 3546 inscriptam,
1018 3496 1089 3535 est
1118 3490 1350 3546 poetique.

207 3559 280 3599 15.
311 3552 378 3595 Ab
409 3550 485 3595 iis.
516 3554 582 3596 On
612 3554 770 3598 attend
789 3554 937 3607 plutot
965 3555 1018 3598 ab
1048 3554 1178 3608 ipsis.

2177 1138 2246 1193 10

2177 1226 2241 1282 11

2179 1583 2252 1635 12

2182 1934 2253 1989 13

2184 2097 2252 2152 14

2185 2380 2256 2436 15
