2517 3975
635 203 1027 246 msa-onmium
1063 208 1395 247 ALnxArmm
1432 208 1559 256 vm,
1599 209 1639 244 1.
2013 191 2113 247 261

169 326 440 382 gressum
459 313 823 384 sylvam,qui
842 314 903 367 in
935 331 1001 369 ea
1031 318 1443 382 consederant,
1460 332 1532 370 ex
1552 315 1878 385 improviso
1901 315 2115 382 adorti,

167 416 297 455 cum
328 401 604 457 omnibus
629 400 1068 462 interemerunt.

234 489 516 544 Celeriter
545 489 616 542 ad
644 488 948 545 Craterum
984 493 1164 564 hujus
1206 493 1392 547 cladis
1428 492 1582 545 fama
1612 492 1835 563 perlata
1864 495 1983 557 est,
2020 492 2120 562 qui

166 592 296 632 cum
336 578 498 632 omni
534 579 794 649 equitatu
825 583 1191 650 supervenit.
1225 581 1300 636 Et
1332 582 1678 652 Massagetae
1726 581 1960 651 quidem
1993 579 2122 652 jam

166 663 506 735 refugerant
536 683 547 722 :
583 665 763 721 Dahae
792 668 954 723 mille
983 670 1255 742 oppressi
1288 673 1447 733 sunt,
1470 684 1720 739 quorum
1748 668 1912 723 clade
1938 671 2123 724 totius

167 753 438 824 regionis
482 753 646 808 finita
692 755 937 812 defectio
982 761 1092 813 est.
1132 758 1465 813 Alexander
1507 773 1760 828 quoque,
1804 754 2126 829 Sogdianis

168 857 381 896 rursus
425 843 712 914 subactis,
754 846 1107 901 Maracanda
1149 847 1382 917 repetit.
1424 846 1515 901 Ibi
1558 846 1800 912 BerdeS,
1831 861 2004 917 quem
2050 847 2123 901 ad

168 928 413 1000 Scythas
462 946 643 1001 super
689 932 1060 1003 Bosporum⁴
1088 936 1347 990 colentes
1393 936 1637 990 miserat
1654 935 1693 1000 ⁸,
1735 950 1862 989 cum
1908 935 2122 1005 legatis

169 1018 360 1092 gentis
418 1020 672 1074 occurrit
708 1038 721 1074 ε
775 1021 1247 1094 Phrataphernes
1303 1039 1564 1094 quoque,
1605 1023 1707 1094 qui
1763 1021 2123 1077 Chorasmiis

168 1111 437 1176 praeerat,
469 1108 828 1182 Massagetis
856 1116 912 1167 et
940 1112 1126 1167 Dahis
1156 1109 1464 1185 regionum
1492 1112 1751 1167 confinio
1788 1099 2119 1183 adjunctuS,

168 1195 430 1265 miserat,
461 1198 560 1267 qui
589 1196 913 1252 facturum⁶
949 1199 1235 1270 imperata
1270 1200 1717 1269 pollicerentur.
1750 1199 1982 1271 Scythae
2013 1215 2122 1269 pe·

169 1284 363 1338 tebant
412 1290 471 1338 ut
518 1286 683 1357 regis
732 1288 827 1341 sui
873 1287 1054 1341 filiam
1109 1288 1486 1343 matrimonio
1533 1287 1651 1341 sibi
1692 1286 1972 1359 jungeret
2007 1304 2022 1343 :
2070 1288 2122 1341 si

167 1372 584 1444 dedignaretur
627 1375 994 1446 affinitatem,
1040 1378 1343 1449 principes
1387 1377 1769 1431 Macedonum
1818 1393 1951 1431 cum
1996 1378 2121 1447 pri-

166 1462 428 1517 moribus
475 1478 602 1517 suae
651 1465 854 1536 gentis
900 1466 1279 1522 connubio⁷*
1319 1468 1478 1521 coire
1522 1468 1822 1536 pateretur
1861 1482 1876 1518 :
1925 1466 2123 1536 ipsum

167 1567 394 1622 quoque
439 1568 648 1623 regem
688 1558 1005 1609 venturum
1060 1556 1135 1609 ad
1185 1571 1320 1609 eum
1373 1554 1822 1625 pollicebantur.
1862 1553 2121 1623 Utraque

166 1637 454 1709 legatione
480 1628 738 1712 benigne
769 1642 986 1710 audita,
1020 1642 1503 1713 Hephaestionem
1545 1646 1603 1697 et
1631 1642 1983 1695 Artabazum
2012 1655 2123 1709 op-

165 1727 420 1796 periens,
443 1730 657 1782 stativa
686 1729 892 1784 habuit
914 1748 927 1784 ε
953 1732 1170 1801 quibus
1199 1731 1519 1803 adjunctiS,
1545 1732 1609 1784 in
1638 1731 1959 1802 regionem,
1991 1744 2121 1799 quae
2163 1799 2169 1806 ι

167 1816 488 1886 appellatur
516 1817 759 1871 Bazaira
779 1818 816 1884 ⁸,
847 1820 1137 1888 pervenit.

227 1903 506 1958 Barbarae
553 1905 865 1975 opulentiae
905 1907 966 1961 in
1012 1907 1135 1961 illis
1182 1908 1330 1962 locis
1378 1906 1534 1961 haud
1570 1906 1691 1960 ulla
1727 1905 1868 1960 sunt
1890 1904 2123 1974 majora

167 1991 392 2062 indicia,
425 2009 596 2064 quam
625 1997 864 2066 magnis
893 1997 1238 2051 nemoribus
1267 1997 1632 2066 saltibusque
1654 1995 1941 2050 nobilium
1968 1993 2126 2048 fera-

167 2096 288 2135 rum
316 2098 541 2153 greges
572 2083 723 2141 clusi
743 2083 786 2140 ⁹.
824 2083 1135 2154 Spatiosas
1165 2086 1237 2138 ad
1267 2085 1380 2139 hoc
1400 2086 1627 2155 eligunt
1657 2085 1864 2151 silvaS,
1895 2083 2121 2139 crebris

166 2171 505 2238 perennium
545 2187 829 2242 aquarum
858 2172 1121 2228 fontibus
1160 2187 1459 2230 amoenas:
1509 2172 1698 2226 muris
1728 2186 1971 2227 nemora
1998 2172 2123 2226 cin-

168 2261 393 2330 guntur,
427 2262 744 2331 turresque
780 2261 996 2317 habent
1024 2262 1368 2315 venantium
1406 2260 1795 2329 receptacula.
1836 2258 2123 2324 Quattuor

169 2347 453 2421 continuis
474 2350 745 2403 aetatibus
765 2350 805 2376 ¹⁰
835 2352 1119 2403 intactum
1139 2350 1355 2403 saltum
1370 2349 1558 2404 fuisse
1578 2348 1887 2403 constabat
1907 2366 1920 2410 ;
1949 2363 2123 2419 quem

168 2432 486 2491 Alexander
533 2452 667 2490 cum
721 2440 842 2492 toto
892 2439 1152 2492 exercitu
1199 2439 1538 2509 ingressuS,
1592 2437 1808 2506 agitari
1863 2435 2122 2506 undique

170 2517 312 2578 feras
331 2522 540 2594 jussit.
575 2524 732 2579 Inter
760 2541 907 2595 quas
955 2542 1090 2580 cum
1118 2526 1210 2580 leo
1253 2524 1686 2596 magnitudinis
1728 2539 1880 2578 rarae
1927 2525 2125 2594 ipsum

172 2625 360 2682 regem
386 2613 711 2667 invasurus
756 2616 1105 2684 incurreret,
1136 2614 1288 2669 forte
1332 2614 1744 2686 Lysimachus,
1776 2614 1879 2684 qui
1918 2616 2126 2684 postea

219 2775 258 2819 4.
283 2776 533 2832 Bosporum.
559 2781 620 2823 Le
641 2778 877 2834 Bosphoro
901 2778 1181 2824 Cimmerion
1207 2779 1396 2835 (detroit
1419 2777 1583 2824 d'leni-
1584 2776 1736 2832 Kale).

221 2840 265 2883 5.
294 2837 487 2894 Miserat,
508 2843 597 2887 vll.
618 2852 682 2893 vi,
704 2844 769 2885 12.

223 2900 263 2941 6.
289 2899 536 2948 Facturum.
571 2902 744 2956 Ellipse
773 2903 835 2947 du
863 2903 988 2958 sujet
1009 2902 1411 2957 Phrataphernem.

224 2961 268 3003 7.
299 2960 535 3008 Connubio.
559 2965 756 3019 mariage
776 2965 999 3019 legitime.
1022 2965 1239 3009 connubio
1257 2966 1441 3018 jungam
1458 2963 1613 3008 stabili
1654 2963 1798 3018 (virg.
1817 2963 1945 3015 AEn„
1962 2966 1998 3014 1,
2012 2964 2126 3018 ’13)

180 3018 427 3068 connubium
452 3030 523 3070 est
541 3028 621 3081 jus
651 3026 843 3080 legitimi
861 3028 1132 3070 matrimonii
1163 3027 1314 3081 (Serv.
1349 3027 1405 3069 ad
1431 3027 1536 3071 AEn.
1544 3028 1617 3080 ,1,
1639 3025 1730 3080 73).

226 3085 269 3126 8.
298 3085 501 3143 Bazaira,
521 3090 740 3144 province
767 3090 824 3133 de
844 3091 888 3132 la
916 3089 1157 3144 Sogdiane,
1180 3098 1290 3132 sans
1314 3089 1453 3132 doute
1478 3089 1585 3142 pres
1605 3087 1663 3130 de
1683 3086 1989 3133 Samarkand.

227 3147 267 3187 9.
295 3146 413 3191 Clusi
445 3161 622 3194 comme
652 3151 840 3194 inclusi
884 3153 969 3194 Ces
996 3162 1128 3206 pares
1150 3151 1306 3194 iurent
1333 3149 1487 3193 imites
1515 3161 1596 3204 par
1624 3151 1695 3193 les
1722 3149 1957 3194 Romains.
2001 3150 2129 3204 Apud

186 3204 381 3252 Romanos
408 3212 582 3256 vivaria
608 3223 811 3266 aprorum
847 3208 1170 3268 ceterorumque
1221 3212 1518 3261 silvestrium,
1558 3212 1730 3266 primus
1772 3213 1916 3265 toqaii
1950 3214 2129 3265 acueris

186 3267 340 3313 invenit
364 3273 542 3317 Fulvius
571 3274 788 3329 Lippinus
810 3275 947 3329 quiin
978 3272 1286 3330 Tarquiniensi
1313 3276 1433 3328 seras
1458 3284 1645 3329 pascere
1674 3274 1909 3323 instituit‚·
1943 3284 2021 3317 noc
2052 3272 2130 3316 diu

188 3328 423 3377 imitatores
444 3336 620 3390 'defuere
653 3337 704 3380 Β.
733 3336 947 3381 Lucullus
965 3341 1010 3381 et
1030 3338 1083 3389 Q.
1113 3337 1378 3380 Hortensius
1403 3337 1575 3391 (Plin.,
1614 3339 1728 3390 vm,
1757 3336 1845 3391 52).
1873 3335 1945 3380 cf.
1980 3334 2129 3378 Xeno-

190 3391 319 3449 phon,
337 3395 543 3449 Anabase,
577 3401 611 3452 1,
641 3410 692 3451 u,
717 3405 764 3442 7.

239 3454 305 3497 10.
340 3457 580 3504 AEtatibus.
622 3463 738 3505 cent
778 3471 876 3514 ana,
904 3471 997 3504 une
1026 3458 1318 3513 generation.
1367 3460 1467 3505 Vixi
1517 3472 1653 3505 annos
1696 3460 1766 3503 bis
1806 3462 1991 3513 cautum,
2018 3467 2129 3500 nunc

197 3516 324 3561 tertia
343 3519 505 3566 vicitur
527 3527 636 3567 aetas
663 3523 841 3579 (ovida,
869 3523 1059 3577 Malam„
1080 3525 1172 3576 ΧΠ,
1197 3522 1311 3578 188).

1883 3620 1967 3668 15.

2179 1557 2247 1611 10

2178 1912 2240 1965 11

2179 2089 2247 2145 12

2179 2265 2247 2321 13

2180 2535 2248 2588 14
