2517 3975
345 552 414 606 32

339 912 408 967 33

330 1446 401 1504 35

323 1910 393 1966 36

315 2362 386 2419 37

475 233 583 288 216
1241 252 1294 295 Q.
1331 226 1507 289 'cunm
1546 253 1682 290 num

473 358 671 411 vetere
711 357 828 410 vita
857 373 926 412 ac
953 372 1120 412 more
1168 361 1517 414 mutassem.
1547 360 1718 414 Nunc
1754 375 1921 426 vero,
1950 360 2029 427 si,
2062 364 2129 414 ut
2168 361 2401 417 omnibus

471 445 702 509 diebus,
730 445 833 499 illo
865 461 1118 517 quoque,
1152 448 1253 518 qui
1284 451 1607 517 suspectus
1632 452 1741 517 est,
1772 448 2042 516 fecimuS,
2076 450 2399 505 consuetudo

470 534 654 589 diluet
681 535 932 591 crimen.
970 535 1085 591 Sed
1114 551 1300 606 equos
1327 537 1648 607 Antiphani
1676 554 1798 593 non
1828 538 2124 606 dedimus,
2144 543 2216 606 et,
2246 539 2399 609 pridie

469 639 644 694 quam
677 623 938 679 Philotas
967 623 1233 679 detectus
1255 625 1297 652 ⁸⁶
1326 627 1436 695 est,
1470 626 1593 681 haec
1630 627 1775 681 mihi
1806 642 1938 681 cum
1966 627 2292 697 Antiphane
2321 643 2398 681 res

469 712 625 768 erati
661 713 762 784 qui
805 713 862 768 si
889 728 1001 768 nos
1034 716 1348 782 suspectos
1393 713 1590 770 facere
1618 715 1765 781 vult,
1795 715 1952 786 quod
1978 715 2084 770 illo
2119 716 2212 771 die
2245 731 2396 786 equos

466 817 588 856 non
608 802 968 869 dederimus,
994 802 1562 874 semetipsum,quod
1584 819 1689 858 eos
1709 802 2163 869 desideraverit,
2184 819 2394 876 purgare

466 906 588 946 non
615 889 848 960 poterit.
886 889 1185 959 Anceps⁸⁷
1213 889 1370 944 enim
1405 891 1630 946 crimen
1660 893 1749 946 est
1785 892 1940 946 inter
1980 892 2318 947 retinentem
2353 894 2395 945 et

467 979 795 1050 exigentem
819 996 833 1033 ε
884 980 1004 1033 nisi
1031 979 1192 1050 quod
1217 979 1433 1034 melior
1462 983 1552 1035 est
1573 995 1754 1034 causa
1780 995 1957 1034 suum
1985 996 2110 1035 non
2151 981 2393 1035 tradentis

464 1083 640 1138 quam
666 1067 974 1138 poscentis
1002 1066 1283 1122 alienum.
1314 1066 1612 1137 Ceterum,
1634 1083 1759 1134 rex,
1784 1082 1971 1137 equos
2002 1068 2206 1122 decem
2232 1067 2389 1122 habui:
2451 1072 2454 1077 Α

463 1171 495 1210 e
517 1156 731 1227 quibus
760 1156 1128 1226 Antiphanes
1150 1158 1284 1210 octo
1306 1155 1431 1227 jam
1456 1154 1841 1211 distribuerat
1869 1155 1947 1210 iis
1990 1156 2093 1227 qui
2113 1157 2391 1211 amiserant
2453 1184 2454 1201 2

459 1258 628 1311 suos,
661 1246 904 1298 omnino
934 1244 1084 1299 duos
1102 1243 1234 1314 ipse
1264 1242 1588 1299 habebam:
1612 1258 1765 1314 quos
1793 1259 1927 1298 cum
1951 1241 2129 1300 vellet
2145 1244 2388 1298 abducere

458 1331 635 1388 homo
674 1332 1167 1403 superbissimus,
1200 1335 1360 1387 certe
1398 1331 1835 1404 iniquissimus,
1859 1332 1982 1386 nisi
2010 1333 2192 1403 pedes
2217 1334 2389 1386 milita·

458 1435 523 1475 re
562 1404 793 1489 vellem,
835 1421 1094 1475 retinere
1123 1421 1402 1493 cogebar.
1433 1419 1561 1475 Nec
1607 1420 1828 1474 infitias
1858 1436 1926 1474 eo
1957 1419 2131 1475 liberi
2170 1420 2386 1476 hominis

455 1510 652 1565 animo
703 1510 966 1566 locutum
1003 1524 1138 1564 esse
1167 1526 1263 1564 me
1319 1524 1452 1564 cum
1507 1509 1924 1580 ignavissime,
1966 1512 2026 1564 et
2080 1509 2192 1565 hoc
2244 1523 2386 1563 unum

455 1595 679 1653 militiae
701 1597 867 1670 jus³⁸
909 1599 1263 1666 usurpante,
1295 1598 1359 1651 ut
1398 1597 1626 1652 alienos
1674 1611 1860 1668 equos
1905 1597 2259 1669 pugnaturis
2289 1596 2384 1650 dis-

452 1688 699 1742 tribuat.
758 1686 888 1742 Huc
941 1686 1098 1741 enim
1152 1685 1448 1740 malorum
1504 1688 1745 1741 ventum
1792 1688 1901 1752 est,
1946 1688 2009 1739 ut
2060 1686 2245 1741 verba
2286 1699 2384 1738 mea

453 1777 660 1832 eodem
696 1780 956 1847 tempore
989 1778 1045 1831 et
1079 1775 1418 1831 Alexandro
1458 1791 1740 1830 excusem
1778 1777 1834 1829 et
1869 1774 2209 1845 Antiphani.

519 1876 614 1942 At,
653 1874 914 1941 hercule,
953 1876 1142 1928 mater
1159 1873 1203 1900 ⁸⁹
1228 1873 1302 1928 de
1330 1872 1510 1927 nobis
1538 1872 1799 1927 inimicis
1826 1872 1946 1926 tuis
1989 1872 2244 1942 scripsit.
2281 1867 2381 1923 Uti-

450 1976 587 2020 nam
606 1964 958 2036 prudentius
980 1965 1142 2019 esset
1162 1961 1421 2018 sollicita
1441 1977 1549 2033 pro
1571 1961 1716 2029 filio,
1738 1964 1797 2017 et
1814 1977 1937 2016 non
1956 1962 2174 2017 inanes
2193 1971 2379 2032 quoque

451 2054 686 2126 species
714 2052 892 2107 anxio
924 2052 1118 2107 animo
1148 2051 1437 2124 figuraret
1456 2050 1533 2104 ⁴⁰1
1566 2047 1759 2114 Quare
1797 2050 1958 2104 enim
1984 2065 2107 2105 non
2143 2044 2380 2104 adscribit

447 2146 642 2198 metus
671 2143 767 2197 sui
802 2157 1063 2210 causam,
1093 2140 1348 2211 denique
1393 2156 1513 2194 non
1555 2139 1813 2195 ostendit
1850 2138 2205 2193 auctorem⁴¹
2226 2138 2253 2191 ?
2283 2133 2378 2198 Quo
2437 2125 2444 2222 ff

445 2233 599 2288 facto
618 2232 851 2287 dictove
871 2232 1077 2299 nostro
1097 2231 1276 2296 mota,
1300 2234 1415 2282 tam
1445 2228 1708 2298 trepidas
1728 2227 1838 2281 tibi
1881 2226 2111 2283 litteras
2138 2217 2378 2294 scripsit?
2435 2225 2443 2316 ὲ

445 2323 493 2379 Ο
518 2322 797 2377 miseram
823 2320 1230 2374 condicionem
1259 2333 1471 2386 meam,
1504 2318 1644 2389 quia
1684 2316 1936 2372 forsitan
1972 2332 2098 2370 non
2123 2311 2378 2387 periculo-
2439 2345 2446 2382 μ

444 2413 574 2468 sius
603 2416 693 2467 est
722 2414 918 2466 tacere
948 2424 1123 2480 quam
1151 2407 1384 2462 dicere!
1417 2406 1535 2461 Sed
1561 2410 1880 2477 utcumque
1909 2421 2156 2461 cessura
2182 2420 2276 2459 res
2292 2402 2377 2463 est,
2433 2375 2440 2422 ¹

441 2503 595 2557 malo
625 2500 734 2556 tibi
759 2499 1169 2557 defensionem
1205 2512 1394 2551 meam
1431 2495 1748 2566 displicere
1786 2510 1964 2567 quam
2002 2509 2260 2550 causam.

511 2604 828 2674 Agnosces
874 2601 1067 2653 autem
1106 2612 1239 2666 quae
1277 2596 1542 2650 dicturus
1576 2610 1748 2651 sum:
1798 2593 2023 2664 quippe
2070 2584 2369 2648 meministi,

439 2708 574 2748 cum
601 2706 696 2745 me
724 2688 797 2743 ad
827 2685 1231 2759 perducendos
1278 2700 1353 2739 ex
1398 2683 1741 2739 Macedonia
1795 2681 2019 2735 milites
2059 2681 2310 2735 mitteres
2324 2673 2367 2742 ⁸,

436 2782 660 2837 dixisse
687 2782 745 2835 te
782 2777 1001 2833 multos
1030 2773 1363 2847 integros⁴⁸
1398 2772 1662 2844 juvenes
1699 2773 1760 2826 in
1807 2770 1981 2826 domo
2043 2773 2158 2824 tuae
2196 2762 2369 2821 matris

484 3030 563 3073 36.
593 3026 820 3078 Deiectus,
849 3030 967 3075 pour
994 3017 1305 3074 deprehensus,
1332 3015 1452 3061 n'est
1471 3025 1554 3071 pas
1574 3014 1634 3060 de
1656 3016 1702 3059 la
1723 3014 1899 3071 langue
1927 3016 2182 3072 classique.

483 3094 555 3135 37.
582 3089 768 3142 Anceps,
787 3083 1011 3128 douteux.

483 3154 554 3196 38.
584 3149 675 3194 Hoc
702 3158 833 3192 unum
843 3146 940 3200 jus.
959 3145 998 3188 11
1025 3156 1087 3187 ne
1113 3141 1295 3211 prenait
1312 3151 1396 3196 pas
1423 3144 1527 3197 part
1553 3151 1614 3184 au
1629 3141 1841 3195 combat3
1870 3140 1906 3184 il
1935 3141 2106 3186 servait
2132 3133 2358 3184 seulement

430 3212 505 3258 les
531 3211 865 3257 combuttants.

482 3280 558 3321 39.
589 3273 754 3319 later.
780 3271 1042 3325 Olympias.

479 3342 554 3384 40.
590 3336 847 3390 Fiouraret.
872 3337 941 3378 On
960 3336 1124 3376 trouve
1145 3328 1410 3374 d‘habitude
1431 3329 1643 3384 maeret.
1737 3369 1743 3376 ,

480 3404 554 3446 41.
589 3400 823 3443 Auctorem
842 3394 917 3450 (de
940 3393 1109 3449 auoeo),
1136 3391 1260 3436 celui
1282 3391 1363 3447 qui
1400 3402 1577 3434 avance
1605 3392 1807 3447 quelque
1840 3392 2000 3444 chose,
2025 3388 2146 3437 celui
2168 3396 2249 3442 par
2272 3382 2357 3427 1⁹1ss-

428 3465 610 3507 fluence
639 3461 698 3504 de
721 3458 803 3512 qui
830 3458 1033 3511 quelque
1061 3455 1204 3498 chose
1225 3466 1278 3497 se
1303 3454 1411 3497 fait.

481 3530 554 3569 49.
588 3523 810 3567 meteres.
841 3518 911 3561 Cf.
947 3520 1013 3567 lv,
1042 3527 1106 3568 vi,
1127 3519 1200 3559 30.

481 3586 554 3627 43.
590 3585 801 3634 Inteqros,
825 3589 882 3621 en
902 3578 992 3619 bon
1011 3576 1125 3625 etat,
1151 3576 1450 3621 cest-a-dire
1482 3582 1570 3623 bon
1598 3592 1657 3623 au
1680 3579 1884 3627 service.
