2517 3975
597 243 984 304 msroammjia
1022 244 1352 294 Amxarmm'
1389 257 1511 307 v111,
1550 258 1635 294 111.
1992 238 2090 295 271

177 355 436 427 Erigyius
477 360 625 414 inter
651 359 841 416 claros
883 362 1063 417 duces
1100 362 1293 420 fuerat
1322 380 1337 417 τ
1367 375 1543 435 quem
1581 365 1935 419 exstinctum
1963 377 2100 419 esse

176 446 332 514 paulo
355 448 500 512 ante,
533 464 698 518 quam
728 453 1122 505 reverteretur
1141 452 1181 479 ²⁹
1210 453 1274 506 in
1300 456 1513 519 castra,
1536 455 1835 523 cognovit.
1868 454 2100 508 Utrius-

177 548 275 604 que
299 534 465 591 funus
485 537 506 559 *
533 540 691 593 omni
719 544 999 609 apparatu
1029 543 1202 610 atque
1233 539 1841 595 honore‘celehratum
1884 542 1991 594 est.

938 792 1188 848 CAPUT
1225 794 1308 849 III

279 938 579 1001 Spitamene.
597 968 662 981 —
680 928 722 993 11
749 948 828 992 est
854 942 943 992 tue
977 957 1074 1005 par
1101 957 1160 992 sa
1186 946 1393 1006 femme,
1425 945 1516 1008 qui
1542 951 1756 1009 apperte
1786 958 1847 995 sa
1879 945 1981 995 tete
2044 970 2048 975 ·

931 1022 963 1073 a
995 1022 1307 1073 Alexandre.

987 1148 1104 1209 (Ειό,
1131 1154 1257 1209 338.)

229 1311 411 1369 Dahas
437 1314 650 1370 deinde
680 1317 965 1371 statuerat
1003 1320 1252 1387 petere:
1305 1317 1392 1372 ibi
1437 1332 1689 1388 namque
1728 1316 2108 1387 Spitamenen
2165 1316 2193 1369 1

169 1412 284 1455 esse
310 1409 692 1475 cognoverat.
734 1404 851 1460 Sed
900 1405 1052 1460 hanc
1089 1421 1322 1477 quoque
1365 1406 1825 1477 expeditionem,
1873 1409 1938 1461 ut
1976 1407 2107 1478 ple-

167 1502 325 1557 raque
370 1492 502 1561 alia,
533 1493 793 1561 fortuna,
822 1494 1184 1565 indulgendo
1232 1493 1288 1547 ei
1335 1511 1654 1565 ιἰιιιιιψιιιιιι
1706 1497 1967 1565 fatigata.
2003 1513 2107 1565 pri]

167 1576 389 1638 absente
416 1584 739 1655 transegit.
783 1583 1157 1653 Spitamenes
1194 1585 1402 1638 uxoris
1434 1585 1746 1637 imiimdiuu
1779 1601 1975 1637 amura-
2011 1586 2111 1637 fla-

166 1668 387 1736 grabat:
421 1687 618 1742 quam,
640 1686 811 1749 -aegre
843 1671 1048 1743 fugam
1078 1674 1135 1726 et
1167 1688 1323 1726 nova
1354 1673 1602 1726 subinde
1634 1677 1811 1726 exilia
1847 1677 2107 1725 tulerun-

74 1815 75 1835 ÷
166 1756 286 1826 tem,
314 1757 373 1811 in
404 1775 581 1815 omne
611 1760 960 1815 discrimen¹
993 1761 1267 1815 comitem
1298 1762 1586 1818 tranei-iat.
1622 1762 1746 1830 Ilia,
1775 1762 1943 1818 malis
1979 1766 2111 1818 sati·
2164 1760 2201 1814 2

166 1848 304 1919 gata,
343 1850 667 1903 identidem
713 1848 1032 1905 muliebres
1076 1849 1358 1905 adhibere
1410 1853 1738 1918 blanditias,
1783 1858 1843 1906 ut
1879 1854 2107 1906 faustum

69 1995 74 2005 p
170 1932 353 2008 fugam
379 1939 647 2006 sisteret,
667 1938 1028 2010 victorisque
1058 1938 1374 1994 Alexandri
1410 1942 1775 1994 internuntiam
1811 1946 2107 2010 expertus,

68 2009 74 2092 ζ
165 2024 402 2092 placaret
431 2043 610 2099 quem
638 2025 896 2098 effugere
927 2043 1046 2081 non
1075 2030 1302 2097 posset.
1334 2027 1481 2082 Tres
1523 2029 1706 2083 adulti
1741 2031 1908 2084 erant
1939 2029 2114 2084 liberi
2167 2029 2201 2084 3

169 2126 230 2166 ex
255 2129 319 2169 eo
349 2116 538 2187 geniti
562 2128 575 2168 :
609 2131 761 2185 quos
788 2131 921 2168 cum
936 2115 1158 2184 pectori
1181 2116 1369 2183 patris
1400 2116 1784 2183 admovisset,-
1816 2119 1878 2170 ut
1903 2117 2113 2171 saltem
2170 2172 2175 2176 .

166 2216 351 2258 eorum
395 2203 672 2259 misereri
718 2205 894 2259 vellet
935 2204 1178 2258 orabat:
1221 2207 1300 2270 et,
1354 2219 1470 2274 quo
1514 2204 1882 2260 efficaciores
1912 2208 2114 2261 esseut

76 2304 87 2322 ¹
164 2306 374 2363 preces„
413 2293 576 2349 haud
623 2294 864 2363 procul²
902 2296 1029 2348 erat
1074 2294 1440 2350 Alexander.
1483 2294 1608 2361 Ille,
1652 2310 1719 2348 se
1755 2295 1948 2365 prodi‚·
1991 2310 2113 2350 non
2166 2294 2203 2350 4

163 2385 374 2438 moneri
407 2387 598 2451 rame,
641 2387 698 2438 et
725 2382 930 2437 formae
957 2383 1222 2452 profecto
1253 2383 1466 2438 fiducia
1494 2399 1714 2454 cupere
1744 2400 1873 2439 eam
1905 2401 2111 2455 quam-

162 2472 404 2540 primum
445 2473 585 2528 dedi
623 2472 981 2542 Alexandra,
1023 2473 1368 2528 acinacem*
1408 2473 1669 2545 strinxit,
1713 2488 2113 2544 percussurus

162 2572 411 2630 uxorem,
446 2560 569 2616 nisi
607 2560 949 2631 prohibitus
981 2565 1144 2616 esset
1168 2561 1419 2617 fratrum
1458 2562 1591 2633 ejus
1624 2563 1923 2618 occursu⁸.
1954 2562 2115 2634 Cete-
2169 2568 2203 2622 5

163 2661 283 2702 rum
311 2651 477 2706 abire
507 2650 830 2719 conspectu
854 2649 1046 2720 jubet,
1070 2650 1265 2705 addito
1295 2653 1453 2705 metu
1479 2652 1711 2717 mortis,
1753 2652 1808 2717 si
1836 2667 1901 2705 se
1925 2651 2114 2706 oculis

164 2735 313 2805 ejus⁴
359 2739 699 2807 obtulisset,
732 2741 807 2804 et,
841 2739 915 2792 ad
945 2738 1308 2793 desiderium
1336 2739 1680 2806 levandumf
1701 2744 1908 2794 noctes
1939 2755 2115 2812 agere

162 2823 301 2881 inter
324 2829 552 2899 pelices
577 2828 769 2898 coepit.
811 2826 928 2882 Sed
965 2828 1205 2896 penitus
1235 2828 1472 2883 haerens
1500 2844 1667 2883 amor
1694 2829 1934 2884 fastidio
1962 2846 2117 2900 prae·
2169 2835 2205 2890 6

164 2916 438 2971 sentium⁵
483 2927 773 2971 accensus
805 2919 910 2971 est.
945 2916 1146 2987 Itaque
1186 2933 1400 2972 rursus
1435 2918 1539 2972 uni
1569 2918 1622 2973 ei
1652 2917 1906 2986 deditus,
1940 2932 2116 2975 orare

163 3016 270 3060 non
294 3004 522 3062 destitit
547 3009 611 3061 ut
640 3006 745 3062 tali
764 3006 1014 3061 consilio
1045 3006 1390 3075 abstineret,
1414 3009 1837 3079 patereturque
1867 3011 2112 3078 sortem,

207 3207 277 3254 29.
309 3210 559 3265 Antequam
586 3215 901 3260 reverteretur.
935 3213 1019 3254 Sur
1040 3221 1093 3254 ce
1123 3210 1398 3267 subjunctis,
1428 3211 1487 3255 cf.
1517 3214 1590 3266 111,
1619 3224 1699 3268 vn,
1728 3218 1837 3258 note
1854 3216 1928 3259 26.

208 3272 284 3314 111.
315 3293 371 3305 --
399 3277 445 3317 1.
480 3273 743 3318 Discrimen.
775 3274 868 3318 cf..
898 3284 980 3317 sur
997 3285 1052 3317 ce
1075 3277 1276 3328 m0t‚1V.,
1304 3286 1373 3326 ix,
1395 3279 1505 3319 note
1530 3279 1607 3321 33.

205 3336 246 3376 2.
276 3333 455 3378 Procul.
475 3334 562 3390 cf„
587 3348 666 3380 sur
697 3346 751 3378 ce
780 3341 891 3391 mot,
920 3341 969 3391 v,
991 3337 1079 3391 xii,
1108 3339 1216 3379 note
1246 3342 1318 3382 19.
1769 3356 1772 3359 ·

207 3399 249 3440 3.
290 3398 501 3441 Fratrum
520 3410 700 3442 occursu
719 3409 897 3443 comme
918 3411 945 3441 a
957 3399 1181 3452 fratrib-us
1199 3400 1546 3447 occurrentibus.
1575 3403 1633 3445 Le
1652 3399 1909 3445 substantii*
1924 3394 2117 3446 abstrait

81 3503 83 3507 ¹
161 3459 440 3514 remplacant
468 3461 512 3504 le
531 3461 778 3515 participe.
803 3461 873 3505 cf.
904 3464 978 3515 ΙΙΙ,
1004 3472 1065 3515 ιν,
1094 3465 1204 3503 note
1222 3466 1295 3506 13.

207 3519 251 3565 4.
282 3520 417 3574 Ejus.
447 3523 632 3576 L’usage
661 3522 894 3577 classique
915 3523 1205 3568 reclamerait
1223 3523 1342 3568 suia.

207 3586 252 3627 5.
285 3583 591 3641 Praemium,
611 3595 723 3633 S.·e.
744 3585 954 3641 pelicum.
