2517 3975
709 208 1099 248 msromAmm
1133 207 1465 248 AmxANnm
1503 211 1583 260 ix,
1625 210 1723 250 ν..
2070 192 2182 249 &1

188 312 472 367 audehat
498 316 749 385 propius
788 317 1070 372 accedere
1105 336 1117 371 ι
1157 316 1411 372 missilia
1447 318 1631 372 ramis
1661 316 1832 388 ptura
1869 333 2042 388 qnam
2071 317 2185 372 cli-

190 417 327 473 peo
346 401 372 423 ¹*
402 403 762 460 incidebant.

279 490 601 562 Pugnabat
652 510 763 563 pro
814 509 964 563 rege
1028 496 1289 563 primum
1343 494 1625 550 celebrati
1679 495 1943 549 nominis
1996 494 2188 562 fama,
2230 497 2273 552 ὃ

180 580 430 634 deinde
455 579 806 649 desperatio,
842 596 1122 652 magnum
1162 582 1235 637 ad
1274 582 1525 637 honeste
1557 584 1936 637 moriendum
1969 583 2183 638 insita·-

182 670 498 723 mentum.
530 668 647 724 Sed
684 687 817 724 cum
854 672 1105 726 subinde
1143 673 1376 727 hostis⁸
1413 671 1699 741 afflueret,
1723 671 1852 743 jam
1889 672 2184 744 ingentem
2239 674 2273 728 7

186 757 376 810 νίκῃ*
404 756 654 811 telorum
674 758 696 779 *
720 763 1032 829 exceperat
1059 761 1248 830 clipeo
1274 761 1316 829 *,
1342 761 1466 831 jam
1492 761 1721 832 galeam
1741 758 1760 777 *
1786 776 1930 813 saxa
1957 759 2184 830 pertre-

192 848 449 919 gerant,
484 846 612 917 jam
659 849 936 903 continuo
987 850 1193 903 labore
1246 854 1491 921 gravata
1537 865 1731 920 genua
1774 850 2175 905 succiderant.

189 936 411 1005 Itaque
438 937 818 1005 contemptim
857 940 913 990 et
944 938 1177 992 incaute
1216 939 1318 1008 qui
1353 938 1612 1008 proximi
1649 941 1935 993 steterant
1974 938 2181 992 incur·-
2239 939 2274 994 8

186 1027 416 1079 rerunt
448 1039 460 1078 :
507 1040 537 1078 e
575 1025 790 1093 quibus
839 1026 989 1080 duos
1026 1026 1270 1098 gladio*
1298 1027 1377 1080 ita
1415 1027 1661 1096 excepit,
1695 1031 1761 1081 ut
1804 1029 1938 1081 ante
1979 1027 2180 1096 ipsum

188 1115 518 1171 exanimes
552 1114 1027 1184 procumberent.
1070 1116 1194 1170 Nec
1231 1117 1506 1186 cuiquam
1547 1116 1757 1171 deinde
1797 1118 2044 1185 propius
2079 1118 2177 1171 in·

186 1203 486 1259 cessendi
545 1218 679 1257 eum
735 1205 972 1258 animus
1019 1204 1174 1258 fuit:
1219 1204 1429 1275 procul
1470 1204 1669 1274 jacula
1698 1203 1719 1221 '¹
1765 1204 2182 1276 sagittasque*

186 1292 538 1347 mittebant.
575 1292 696 1360 Ille,
731 1294 803 1347 ad
833 1309 1037 1347 omnes
1069 1295 1222 1347 ictus
1263 1294 1594 1363 expositus,
1624 1309 1742 1346 non
1775 1310 1936 1363 aegre
1981 1300 2182 1350 tamen
2236 1293 2271 1349 9

182 1382 519 1450 exceptum
546 1381 898 1452 poplitibus⁷
928 1398 1144 1451 corpus
1177 1382 1471 1449 tuebatur,
1504 1381 1689 1435 donec
1717 1381 1899 1435 Indus
1930 1383 2181 1437 duorum

187 1471 542 1526 cubitorum
562 1469 582 1487 *
611 1473 891 1537 sagittam
910 1472 932 1493 *
957 1501 1033 1513 —
1057 1487 1311 1542 namque
1341 1469 1525 1539 Indis,
1560 1474 1625 1524 ut
1653 1471 1824 1523 antea
1843 1470 1862 1497 ⁸
1887 1470 2170 1539 diximuS,

185 1560 390 1632 hujus
431 1560 859 1631 magnitudinis
905 1561 1178 1632 sagittae*
1213 1564 1381 1614 erant
1415 1590 1488 1599 --
1522 1559 1604 1612 ita
1643 1560 1928 1625 excussit,
1958 1563 2021 1613 ut
2069 1576 2177 1629 per

182 1647 545 1704 thoracem*
572 1650 808 1719 paulum
839 1665 1022 1720 super
1059 1650 1213 1703 latus
1251 1648 1519 1703 dextrum
1558 1648 1850 1716 infigeret.
1884 1646 2011 1712 Quo
2039 1647 2179 1703 vul·
2235 1648 2303 1704 10

181 1753 354 1794 nure
396 1735 673 1801 afflictus,
706 1753 919 1809 magna
948 1740 1010 1793 vi
1038 1738 1359 1808 sanguinis
1388 1738 1697 1801 emicante,
1728 1737 1960 1790 remisit
1988 1752 2172 1806 arma,

183 1826 558 1883 moribundo
600 1828 837 1894 similiS,
872 1827 1135 1897 adeoque
1174 1827 1468 1882 resolutus
1510 1829 1574 1880 ut
1611 1842 1685 1881 ne
1725 1826 1797 1879 ad
1834 1826 2175 1881 vellendum

183 1916 442 1991 quidem
492 1918 672 1971 telum
733 1917 1033 1972 sufficeret
1098 1917 1356 1970 dextera.
1416 1916 1617 1988 Itaque
1671 1914 1746 1968 ad
1802 1916 2173 1986 spoliandum
2231 1915 2293 1972 11

184 2022 444 2078 empne,
477 2007 575 2078 qui
604 2006 1043 2077 vulneraverat,
1086 2006 1279 2060 alacer
1318 2006 1533 2076 gaudio
1573 2007 1852 2060 accurrit.
1888 2003 2073 2068 Quem
2110 2008 2173 2059 ut

182 2097 451 2170 injicere
491 2096 728 2166 corpori
768 2112 875 2150 suo
914 2112 1122 2150 manus
1158 2096 1370 2161 sensit,
1406 2095 1600 2161 crede,
1631 2095 1823 2149 ultimi
1860 2094 2172 2148 dedecoris

183 2187 557 2259 indignitate
614 2190 969 2253 commotus,
1020 2186 1382 2255 linquentem
1429 2184 1736 2238 revocavit
1784 2184 2072 2250 animum,
2109 2186 2172 2238 et

182 2275 428 2331 nudum
481 2273 675 2328 hostis
725 2274 878 2329 latus
929 2273 1196 2344 subjecto
1248 2287 1533 2328 mucrone
1574 2272 1770 2327 hausit
1796 2272 1835 2326 ⁰.
1887 2273 2174 2327 Jacebant
2230 2268 2302 2325 12

181 2367 357 2423 circa
399 2379 601 2435 regem
649 2363 758 2417 tria
804 2380 1071 2433 corpora,
1102 2363 1306 2433 procul
1353 2363 1728 2432 stupentibus
1770 2363 2005 2417 ceteris
2039 2363 2165 2429 llle,

181 2458 276 2520 ut,
310 2455 629 2521 antequam
666 2453 908 2506 ultimus
955 2452 1204 2522 spiritus
1255 2450 1532 2505 deficeret
1548 2450 1609 2516 ¹⁰,
1648 2450 1933 2513 dimicans
1970 2454 2166 2506 tamen

184 2543 702 2612 exstingueretur,
745 2540 974 2610 clipeo*
1006 2556 1071 2595 se
1115 2540 1369 2594 allevare
1418 2542 1663 2593 conatus
1713 2544 1802 2593 est
1837 2557 1849 2593 ε
1892 2541 1967 2608 et,
2002 2542 2168 2608 post-
2226 2536 2294 2593 13

184 2646 375 2703 quam
420 2628 490 2682 ad
534 2629 912 2697 conitendum
958 2628 1103 2681 nihil
1148 2630 1461 2698 supererat
1501 2628 1739 2695 virium,
1773 2627 2012 2682 dextera
2051 2627 2164 2681 im-

178 2718 524 2792 pendentes
568 2733 767 2771 ramos
809 2718 1174 2788 complexuS,
1207 2717 1467 2771 tentabat
1495 2716 1894 2787 assurgerefl.
1923 2714 2061 2783 Sed,
2089 2732 2165 2772 ne

178 2810 282 2865 sic
330 2806 567 2880 quidem
616 2810 828 2876 potens
875 2807 1164 2876 corporis,
1205 2821 1420 2860 rursus
1465 2805 1526 2859 in
1573 2822 1766 2878 genua
1808 2805 2161 2875 procumbit,

178 2913 376 2953 manu
398 2911 734 2967 provocans
762 2896 988 2965 hosteS,
1020 2896 1074 2950 si
1102 2897 1238 2966 quis
1264 2895 1557 2965 congredi
1586 2895 1854 2949 auderet.

240 3117 293 3159 5.
328 3110 501 3168 Hostis,
534 3109 760 3165 singulier
787 3109 1011 3159 collectis.

241 3176 294 3222 6.
334 3175 442 3226 Vim,
468 3185 646 3217 comme
676 3174 866 3227 copiam.

182 3239 297 3335 ἫἹ.
326 3238 565 3291 Exceptum
596 3236 858 3290 poplitibus,
893 3230 1078 3291 appuye
1114 3244 1197 3279 sur
1232 3230 1305 3278 les
1339 3242 1548 3289 genoux.
1586 3232 1653 3278 Gr.
1684 3233 1729 3278 ie
1760 3233 1945 3279 combat
1981 3231 2150 3289 d'Agis.

253 3323 267 3345 ,
298 3302 337 3334 1.

240 3353 292 3399 8.
326 3352 483 3407 Antea,
504 3354 614 3408 Vm,
635 3362 705 3406 tx,
725 3353 792 3396 28.

237 3420 290 3463 ’9.
319 3413 460 3459 Larua
478 3415 643 3470 hausit,
660 3412 900 3469 poetique.

244 3478 314 3523 10.
345 3478 582 3533 Antequam
600 3487 719 3521 avec
734 3477 781 3521 le
800 3476 1069 3531 subjunctis,
1093 3484 1269 3521 comme
1289 3479 1398 3520 nete
1419 3481 1470 3524 Ω.

246 3545 321 3587 1¹.
358 3540 569 3585 Tentabat
597 3550 706 3584 avec
731 3538 962 3584 l’intinitir.
988 3539 1059 3583 cf.
1092 3543 1159 3595 ut,
1190 3549 1221 3592 1,
1243 3543 1350 3582 note
1379 3544 1451 3584 48.
