2517 3975
579 216 977 258 msa-oriuntur
1013 216 1351 256 Annxxunm
1387 217 1512 270 vm,
1553 218 1594 254 1.
1962 196 2069 253 265

185 328 341 384 Nihil
360 343 438 383 ex
457 328 733 383 omnibus
754 328 1088 381 inconsulte
1117 341 1184 380 ac
1209 331 1432 380 temere
1456 324 1633 395 jactis
1652 339 1853 395 regem
1873 324 2071 396 magis

129 421 393 481 moverat,
419 430 591 484 quam
618 414 1037 468 Parmenionis
1075 428 1207 467 cum
1235 414 1463 467 honore
1500 413 1717 467 mentio
1748 412 1924 466 illata.
1955 412 2071 467 Do-

128 503 290 558 lorem
317 506 516 557 tamen
546 517 653 557 rex
680 503 925 571 pressit,
962 504 1275 556 contentus
1308 500 1572 571 jussisse
1599 502 1663 554 ut
1681 500 1722 528 ⁸⁰
1749 501 2023 555 convivio
2048 500 2070 522 *

129 592 440 647 excederet.
460 591 586 646 Nec
615 591 931 661 quicquam
961 590 1120 644 aliud
1150 589 1367 660 adjecit
1386 604 1559 658 quam
1585 610 1607 636 «
1632 587 1881 643 forsitan
1913 604 2067 658 eum,

129 680 172 733 si
210 682 428 735 diutius
475 681 710 734 locutus
752 678 926 747 foret,
958 678 1455 748 exprobraturum
1497 678 1615 731 sibi
1659 674 1846 732 fuisse
1888 678 2070 731 vitam

130 786 155 823 a
186 771 499 841 semetipso
548 769 740 823 datam
758 769 838 822 ⁸¹:
870 768 982 823 hoc
1020 768 1175 823 enim
1227 767 1485 837 superbe
1525 782 1687 837 saepe
1726 765 2003 838 jactasse.
2038 786 2063 816 »

131 859 302 931 Atque
329 857 497 913 illum
537 859 904 912 cunctantem
942 855 1130 910 adhuc
1167 870 1435 927 surgere,
1466 854 1568 926 qui
1598 854 1854 925 proximi
1884 855 1940 908 ei
1968 870 2069 909 cu-

127 946 385 1017 buerant,
429 945 670 1016 injectis
716 944 1023 1011 manibus,
1062 943 1380 1015 jurgantes
1424 945 1845 1013 monentesque
1891 957 2067 997 cona-

129 1034 325 1090 bantur
359 1034 675 1089 abducere.
707 1032 918 1099 Clitus,
960 1049 1091 1087 cum
1138 1031 1599 1099 abstraheretur,
1642 1032 1712 1086 ad
1756 1031 2069 1101 pristinam

127 1124 450 1178 violentiam
495 1122 587 1175 ira
615 1136 850 1192 quoque
878 1120 1128 1191 adiecta,
1163 1142 1185 1167 α
1220 1128 1331 1174 suo
1369 1122 1613 1192 pectore
1644 1125 1879 1191 tergum
1905 1118 2069 1173 illius

129 1226 243 1266 esse
291 1211 637 1275 defensum3
682 1226 860 1275 nunc,
911 1212 1228 1279 postquam
1281 1209 1429 1262 tanti
1477 1209 1673 1277 meriti
1717 1208 2071 1278 praeterierit

129 1301 364 1372 tempuS‚
393 1300 571 1354 etiam
602 1297 950 1354 memoriam
972 1298 1230 1351 invisam
1259 1312 1393 1352 esse
1421 1316 1444 1346 n
1468 1296 1811 1367 proclamat.
1833 1297 2010 1352 Attali
2029 1297 2069 1325 ⁸⁸

129 1404 340 1460 quoque
383 1387 603 1443 caedem
645 1386 987 1457 objiciebat,
1027 1389 1087 1441 et
1133 1386 1205 1439 ad
1251 1386 1546 1455 ultimum,
1575 1385 1866 1453 Jovis³⁸*‚
1896 1402 2072 1458 quem

125 1481 334 1546 patrem
379 1476 500 1530 sibi
543 1474 880 1530 Alexander
927 1476 1243 1543 assereret,
1292 1473 1637 1529 oraculum*
1664 1473 1938 1542 eludens,
1968 1490 2073 1529 ve-

125 1566 266 1619 riora
295 1580 361 1619 se
389 1565 523 1633 regi
554 1579 728 1633 quam
762 1564 988 1632 patrem
1018 1562 1151 1633 ejus
1187 1561 1573 1632 respondisse
1599 1560 1849 1615 dicebat.

184 1655 312 1709 Jam
365 1656 594 1708 tantum
647 1652 755 1706 irae
810 1652 1159 1723 conceperat
1205 1667 1332 1719 rex,
1364 1651 1647 1720 quantum
1689 1651 1794 1718 vix
1830 1650 2071 1706 sobrius

128 1740 266 1797 ferre
300 1742 617 1813 potuisset.
651 1741 972 1795 Enimvero
1005 1740 1142 1794 olim
1162 1740 1203 1767 ³⁴
1249 1754 1413 1795 mero
1457 1738 1739 1794 sensibus
1765 1740 1962 1806 victiS,
1994 1754 2071 1796 ex

128 1828 259 1885 lecto
287 1833 533 1900 repente
562 1828 862 1899 prosiluit.
891 1827 1138 1882 Attoniti
1157 1828 1198 1855 ⁸⁸
1223 1828 1419 1892 amici,
1450 1843 1527 1883 ne
1561 1828 1777 1898 positis
1814 1829 2067 1898 quidem,

128 1919 220 1972 sed
265 1918 516 1991 abJ'ectis
565 1917 793 1987 poculis
815 1916 857 1984 *‚
892 1920 1281 1988 consurgunt,
1323 1918 1387 1971 in
1431 1918 1706 1971 eventum
1750 1918 1855 1984 rei,
1897 1932 2071 1987 quam

128 2009 272 2063 tanto
293 2009 520 2078 impetu
548 2010 783 2060 acturus
810 2009 988 2072 esset,
1010 2006 1242 2060 intenti.
1268 2005 1620 2073 Alexander,
1643 2009 1809 2076 rapta
1836 2005 2072 2061 lancea*

130 2109 191 2148 ex
232 2096 510 2150 manibus
558 2096 847 2166 armigeri
863 2094 904 2161 *,
946 2092 1181 2158 Clitum,
1224 2094 1414 2149 adhuc
1460 2094 1661 2148 eadem
1705 2095 1928 2167 linguae
1973 2095 2071 2149 in-

127 2184 502 2255 temperantia
547 2183 866 2250 furentem,
907 2186 1213 2252 percutere
1260 2184 1537 2249 conatus,
1578 2199 1613 2236 a
1658 2183 1976 2239 Ptolemaeo
2018 2187 2076 2240 et

127 2271 389 2330 Perdicca
437 2272 762 2327 inhibetur.
806 2271 1064 2326 Medium
1119 2271 1413 2340 complexi
1462 2269 1557 2344 [et]
1609 2271 1896 2327 obluctari
1939 2289 2073 2341 per-

127 2366 481 2417 severantem
518 2361 905 2415 morabantur
937 2375 950 2414 :
994 2359 1387 2430 Lysimachus
1424 2363 1481 2414 et
1518 2361 1861 2416 Leonnatus
1899 2363 2070 2416 etiam

127 2449 416 2505 lanceam*
445 2451 829 2505 abstulerant.
869 2449 994 2518 Ille,
1026 2449 1276 2503 militum
1314 2448 1489 2504 fidem
1532 2450 1869 2520 implorans,
1910 2469 2074 2505 enm*

126 2538 398 2605 prehendi
427 2555 494 2593 se
521 2555 555 2592 a
585 2537 877 2608 proximis
907 2537 1250 2605 amicorum,
1286 2537 1441 2608 quod
1478 2538 1655 2592 Dario
1705 2554 1895 2608 nuper
1921 2545 2074 2593 arei-

129 2625 328 2696 disset,
380 2627 708 2688 exclamat;
757 2627 1113 2698 signumque
1165 2627 1309 2680 tuba
1337 2627 1359 2646 *
1405 2626 1563 2695 dari,
1610 2629 1675 2680 ut
1730 2627 1803 2680 ad
1847 2629 2070 2701 regiam

129 2717 321 2770 armati
361 2717 609 2784 coirent,
643 2714 836 2784 jubet.
868 2714 1017 2767 Tum
1050 2729 1194 2768 vero
1243 2715 1601 2784 Ptolemaeus
1640 2719 1698 2770 et
1735 2717 2070 2781 Perdiceas,

127 2803 366 2871 genibus
396 2804 682 2871 advoluti,
713 2806 887 2856 orant
915 2817 990 2856 ne
1019 2803 1080 2855 in
1121 2805 1237 2856 tam
1266 2803 1557 2873 praecipiti
1586 2804 1675 2858 ira
1705 2811 2070 2874 perseveret,

127 2892 481 2964 spatiumque
530 2893 726 2963 potius
770 2893 965 2945 animo
1004 2891 1144 2946 det:
1187 2890 1385 2945 omnia
1423 2894 1661 2960 postero
1710 2893 1805 2948 die
1846 2893 2074 2966 justins

128 2985 542 3036 exsecuturum.
558 2979 673 3035 Sed
689 2979 907 3033 claus‘ae
929 2981 1096 3033 erant
1112 2994 1311 3048 aureS,
1326 2979 1702 3050 obstrepente
1716 2983 1829 3036 ira.
1852 2984 2070 3053 Itaque,

175 3227 249 3268 30.
286 3225 474 3269 Jussisee
501 3229 568 3268 ut.
592 3225 664 3268 Cf.
690 3228 740 3278 V,
763 3235 868 3278 xm,
888 3227 998 3267 note
1029 3229 1097 3270 19.
1761 3250 1766 3256 -

174 3288 249 3328 31.
286 3287 424 3331 Vitam
451 3288 598 3332 datam
626 3292 700 3330 est
726 3285 940 3341 poetique
973 3298 984 3328 :
1014 3286 1132 3329 c'est
1160 3296 1219 3328 au
1249 3286 1481 3342 Granique
1509 3289 1619 3344 qu‘il
1646 3291 1711 3334 lui
1740 3303 1883 3336 sauva
1912 3292 1954 3334 la
1982 3294 2070 3334 tin.

177 3349 254 3394 82.
283 3350 439 3395 Attali.
470 3349 542 3394 cf.
576 3353 646 3399 Vl,
674 3360 742 3403 ix,
767 3349 839 3392 17.
859 3369 914 3380 --
933 3351 1021 3398 Vll,
1041 3359 1072 3402 1,
1096 3346 1144 3393 3.

177 3414 254 3455 33.
281 3411 416 3467 Iovia,
438 3411 732 3456 c'est-a-dire
755 3411 878 3455 Iovis
905 3411 1182 3454 Hammonis.

179 3475 254 3515 34.
284 3473 411 3516 Olim.
442 3474 510 3518 Cr.
530 3478 580 3525 V,
600 3485 644 3526 v,
670 3477 776 3516 note
797 3479 875 3518 15.

181 3537 256 3578 35.
285 3535 486 3580 Attoniti.
517 3539 639 3579 Dans
658 3546 744 3580 son
762 3545 873 3579 sens
891 3534 1248 3590 etymologique,
1270 3535 1520 3582 ‹td-tonare.

2126 323 2196 379 38

2122 856 2195 912 40

2122 1033 2188 1088 41

2124 1300 2195 1355 42

2125 1657 2196 1712 43

2126 2012 2196 2067 45

2126 2279 2199 2333 4ss

2130 2457 2199 2509 ΞΠ

2130 2725 2199 2777 -ἱῌ

2130 2993 2199 3045 sii]
