2517 3975
248 628 310 682 21

372 232 443 288 60
1131 245 1189 293 Q.
1231 246 1401 286 cunm
1438 247 1575 286 Ruri

373 372 480 429 per
501 356 820 411 ludibrium
841 354 1303 427 exprobrabant,
1329 355 1466 410 illos
1494 355 1677 409 armis
1704 353 1943 409 inclitos
1963 353 2165 421 dors0,
2190 355 2341 411 sicut

368 445 657 518 jumenta,
698 461 880 500 onera
925 447 1205 516 gestare:
1253 443 1704 517 interrogabant
1742 444 1942 509 etiam,
1975 458 2116 497 num
2156 445 2345 513 major

371 536 645 606 Neptuno
685 533 1022 589 Alexander
1059 535 1219 588 esset
1240 532 1270 586 9
1300 533 1445 587 Haec
1473 532 1603 603 ipsa
1636 532 1944 587 insectatio
1984 531 2345 587 alacritatem

374 625 624 679 militum
662 623 950 679 accendit.
987 623 1235 693 Jamque
1274 621 1511 691 paulum
1548 621 1737 677 moles
1765 636 1916 691 aqua
1946 620 2257 691 eminebat,
2292 624 2347 676 et

374 714 552 769 simul
599 713 842 785 aggeris
870 711 891 733 *
940 711 1182 766 latitudo
1230 711 1535 765 crescebat
1574 709 1825 781 urbique
1870 709 2341 766 admovebatur:

374 819 507 857 cum
533 802 716 873 Tyrii,
735 799 1145 873 magnitudine
1164 799 1359 865 moliS,
1384 799 1559 871 cujus
1588 799 2013 854 incrementum
2038 812 2143 852 eos
2172 799 2346 853 antea

373 889 681 955 fefellerat,
705 892 1039 958 conspecta,
1068 887 1305 943 levibus
1330 887 1591 959 navigiis
1613 886 1877 941 nondum
1902 885 2288 940 commissum
2307 886 2347 914 ²⁵

375 992 528 1048 opus
565 976 876 1031 circumire
921 978 1244 1045 coeperunt,
1282 975 1618 1030 missilibus
1660 989 1889 1045 quoque
1929 989 2052 1039 eoS,
2094 973 2199 1044 qui
2237 990 2343 1044 pro

373 1079 551 1134 opere
565 1063 606 1091 ¹⁰
643 1063 899 1132 stabant,
929 1065 1254 1119 incessere.
1298 1063 1498 1117 Multis
1540 1078 1687 1135 ergo
1727 1063 1967 1132 impune
1998 1061 2343 1130 vulneratis,

373 1167 507 1207 cum
535 1155 594 1208 et
623 1167 926 1207 removere
957 1155 1013 1207 et
1034 1153 1331 1225 appellere
1362 1151 1615 1222 scaphas
1632 1153 1652 1172 *
1674 1152 1734 1205 in
1762 1151 2036 1221 expedito
2067 1154 2246 1219 esset,
2272 1151 2346 1204 ad

372 1256 574 1296 curam
606 1245 795 1296 semet
820 1242 988 1312 ipsos
1017 1240 1218 1296 tuendi
1259 1240 1334 1295 ab
1374 1255 1554 1311 opere
1592 1239 2063 1295 converterant¹'
2093 1257 2107 1293 ε
2138 1241 2194 1294 et
2228 1256 2344 1310 quo

374 1330 618 1402 longius
655 1331 846 1387 moles
886 1331 1174 1402 agebatur
1202 1346 1237 1384 a
1273 1330 1490 1395 littore,
1523 1329 1636 1383 hoc
1678 1329 1894 1400 magis,
1927 1328 2212 1400 quidquid
2253 1312 2350 1382 in-'

377 1420 712 1491 gerebatur,
752 1419 1063 1491 praealtum
1104 1418 1462 1474 absorbebat
1497 1433 1678 1471 mare.
1709 1416 1898 1488 Igitur
1933 1432 2041 1471 rex
2076 1417 2346 1471 munien-

373 1509 533 1563 tibus
581 1508 744 1563 coria
794 1507 1041 1578 velaque
1088 1506 1275 1578 jussit
1322 1506 1579 1573 obtendi,
1620 1508 1686 1561 ut
1733 1507 1899 1559 extra
1945 1504 2086 1558 teli*
2118 1503 2345 1575 jactum

374 1600 597 1664 essent,
639 1596 902 1667 duasque
931 1599 1133 1650 turres
1153 1596 1173 1618 *
1205 1611 1279 1651 ex
1308 1596 1497 1666 capite
1526 1594 1703 1648 molis
1732 1594 1940 1664 erexit,
1974 1608 2006 1648 e
2035 1593 2253 1664 quibus
2283 1594 2345 1647 in

299 1696 311 1716 '
376 1684 700 1739 subeuntes
736 1684 992 1755 scaphas
1014 1684 1034 1706 *
1072 1683 1226 1739 tela*
1254 1684 1457 1756 ingeri
1484 1684 1750 1753 possent.
1791 1680 2006 1737 Contra
2043 1681 2207 1751 Tyrii
2245 1698 2346 1737 na·

376 1772 537 1843 vigia
573 1772 783 1843 procul
812 1788 846 1825 a
883 1774 1204 1841 conspectu
1240 1771 1504 1826 hostium
1542 1771 1722 1826 littori
1762 1770 2076 1840 appellunt,
2106 1770 2347 1840 exposi-

374 1859 570 1930 tisque
615 1859 928 1927 militibus»,
976 1873 1101 1936 eoa,
1148 1860 1251 1931 qui
1291 1874 1437 1915 saxa
1479 1858 1811 1931 gestabant,
1856 1858 2231 1914 obtruncant.
2278 1857 2346 1911 In

379 1948 601 2004 Libano
658 1963 889 2020 quoque
931 1947 1193 2003 Arabum
1244 1950 1514 2021 agrestes
1545 1946 1605 2017 ²⁸,
1656 1945 2090 2017 incompositos
2144 1944 2345 2000 Mace-

377 2038 562 2093 donas
591 2038 807 2109 adorti,
827 2056 949 2092 xxx
976 2036 1097 2093 fere
1124 2036 1504 2104 interficiunt,
1534 2035 1691 2090 haud
1721 2035 2103 2104 paucioribus
2128 2035 2346 2105 captis·

1166 2273 1420 2330 CAPUT
1467 2273 1546 2326 111

1009 2418 1157 2470 Suite
1191 2419 1261 2468 du
1296 2420 1440 2483 siege
1474 2419 1537 2469 de
1570 2421 1698 2484 Tyr.

1219 2547 1339 2608 (nte,
1366 2548 1494 2609 332.)

446 2709 533 2766 Ea
566 2725 665 2767 res
701 2711 1097 2769 Alexandrum
1127 2711 1396 2768 dividere
1426 2713 1632 2784 copias
1662 2714 1882 2788 coegit;
1914 2716 1991 2784 et,
2024 2730 2098 2770 ne
2130 2721 2347 2789 segni-

425 2892 501 2934 2⁸.
534 2886 826 2944 Commissum,
855 2889 1159 2934 c'est-a-dlre
1204 2888 1480 2933 commissum
1516 2900 1614 2933 cum
1654 2891 1804 2941 terra,
1846 2902 1992 2945 voyez
2036 2894 2348 2951 committeret,

427 2958 497 2998 16.

374 2953 398 3010 ἓ
425 3015 500 3060 26.
534 3013 618 3058 Pro
638 3023 782 3067 opere,
812 3010 840 3055 ὲ
857 3014 901 3056 la
927 3014 1087 3068 pointe
1112 3012 1170 3059 de
1190 3014 1233 3056 la
1249 3010 1394 3066 ieme,
1414 3024 1497 3058 sur
1526 3014 1571 3056 la
1586 3013 1733 3069 jetee.
1757 3019 1817 3059 La
1840 3014 2125 3070 preposition
2140 3029 2244 3074 pro,
2265 3020 2356 3074 qni

375 3088 433 3122 au
462 3087 626 3132 propre
666 3074 854 3129 signino
881 3089 908 3115 ει
936 3075 1104 3121 devant
1130 3092 1170 3130 ι,
1202 3079 1301 3120 tres
1327 3082 1525 3121 souvent
1557 3088 1619 3123 ne
1646 3089 1698 3122 se
1731 3079 1904 3123 traduit
1936 3088 1997 3122 en
2024 3078 2230 3137 franceis
2258 3093 2355 3138 que

374 3151 460 3195 par
476 3140 519 3189 ὰ,
546 3139 672 3193 dans,
696 3148 797 3182 aur.
819 3150 845 3178 α
864 3138 951 3182 Pro
970 3137 1190 3192 εἰρηίβσαι
1210 3139 1275 3193 in,
1305 3143 1355 3183 ut
1373 3150 1456 3194 pro
1486 3140 1663 3192 rostris,
1691 3150 1770 3196 pro
1798 3142 1903 3194 κᾶε,
1914 3152 1995 3196 pro
2018 3142 2262 3188 tribunali.
2296 3167 2357 3179 —

369 3203 477 3258 Pro,
507 3199 691 3254 signiae
722 3200 770 3243 in
792 3211 968 3244 comme
991 3201 1106 3245 dans
1126 3202 1170 3244 la
1186 3200 1396 3246 locution
1407 3212 1491 3256 pro
1510 3203 1690 3247 rostris.
1705 3233 1720 3248 .
1734 3234 1747 3249 .
1768 3202 1912 3260 (Paul,
1941 3215 1994 3247 ex
2009 3207 2160 3259 Fest„
2179 3217 2233 3260 p.
2248 3206 2355 3262 228,

374 3263 492 3310 edit.
525 3260 727 3317 muller).
759 3282 813 3293 -—
840 3261 928 3306 Pro
961 3264 1182 3307 sententia
1209 3273 1266 3308 ao
1291 3264 1334 3308 ei
1361 3265 1535 3308 dicatur
1572 3266 1618 3309 in
1646 3265 1883 3319 sententia,
1902 3269 1954 3309 ut
1978 3277 2060 3320 pro
2088 3269 2270 3323 rostris,
2305 3269 2356 3313 ia

373 3329 441 3372 eat
472 3326 518 3370 in
553 3323 736 3368 rostris.
766 3318 1190 3379 L’expression'pro
1224 3327 1443 3371 sententia
1471 3331 1543 3373 est
1576 3326 1905 3383 l’equivalente
1936 3327 1994 3373 de
2024 3328 2070 3371 iu
2098 3330 2353 3383 centenno,

374 3398 553 3436 comme
570 3398 653 3443 pro
676 3386 838 3431 rostris
859 3393 932 3431 est
953 3397 1067 3441 pour
1090 3388 1138 3430 in
1154 3390 1335 3433 rostris.
1354 3404 1381 3430 :o
1399 3390 1555 3445 aoid„
1576 3402 1624 3445 p.
1650 3390 1744 3443 226,
1767 3390 1883 3435 edit.
1899 3390 2095 3447 muner).
2114 3413 2169 3427 -
2188 3392 2355 3439 Stabat

367 3463 453 3511 pro
484 3451 636 3496 littore
662 3451 840 3495 diversa
858 3448 999 3504 acies,
1018 3460 1099 3493 sur
1125 3449 1171 3494 le
1188 3452 1343 3507 rivago
1364 3453 1511 3509 (Tam,
1540 3452 1678 3506 Arm„
1708 3456 1799 3498 xlv
1841 3453 1933 3508 30).

427 3515 503 3560 2⁸1.
537 3514 866 3567 converterant,
895 3508 1178 3555 c’esba-dire
1202 3511 1326 3566 Tyrii
1345 3519 1647 3562 converterant
1673 3516 1791 3562 Hace
1820 3526 1942 3562 ones.

427 3578 502 3624 28.
536 3576 765 3634 Aerulos,
784 3574 880 3631 pris
903 3572 1349 3624 substantivement.
1381 3580 1387 3587 ·
