2517 3975
221 404 294 459 30

221 583 285 638 31

225 850 292 905 32

225 1381 296 1437 33

226 1471 295 1527 34

267 3101 304 3155 2

340 186 414 245 94
1106 202 1158 246 Q.
1201 200 1374 240 cunm
1411 201 1548 239 num

345 314 453 369 sed
497 312 660 384 finge
700 309 933 381 justum
987 311 1261 365 intulisse
1307 314 1361 365 te
1401 309 1646 377 bellum,
1688 325 1819 363 cum
1875 309 2115 365 feminis
2169 328 2323 383 ergo

348 416 520 474 agere
552 400 893 455 debueras¹⁷
914 401 942 454 ⁶?
960 418 985 453 ι
1010 390 1284 470 Tyriotes
1312 397 1610 453 affirmare
1632 414 1740 468 per
1760 398 1904 453 deos
1925 399 2147 468 patrios
2170 401 2326 454 nihil

345 491 410 545 in
437 506 568 545 eam
594 490 843 562 gravius
872 505 1006 544 esse
1036 487 1369 543 consultum
1402 504 1416 543 ε
1450 487 1820 559 ingemuisse
1855 489 2030 542 etiam
2059 489 2330 544 Alexan-

348 579 523 634 drum
543 578 739 645 morti,
765 582 820 632 et
839 592 953 633 non
972 578 1215 649 parcius
1236 576 1482 630 flevisse
1514 591 1686 644 quam
1707 577 1837 647 ipse
1859 576 2211 631 lacrimaret.
2231 578 2325 633 Ob

347 668 475 723 haec
504 669 636 738 ipsa
665 669 921 721 amantis
960 666 1190 720 animus
1221 667 1285 719 in
1315 665 1769 720 sollicitudiuem
1802 666 2328 737 suspicionemque

348 756 674 814 revolutus·
696 760 808 821 est,
840 756 1201 809 desiderium
1245 755 1494 825 captivae
1531 753 1797 824 profecto
1828 771 1863 808 a
1892 757 2330 813 consuetudine

349 846 542 917 stupri
571 847 764 899 ortum
797 859 932 898 esse
961 842 1322 914 conjectans,
1347 842 1667 896 Summotis
1695 842 1880 913 igitur
1907 843 2166 911 arbitris,
2201 861 2329 900 uno

349 934 654 990 dumtaxat
695 931 928 1003 Tyriote
969 934 1217 999 retento,
1255 930 1382 1001 jam
1423 946 1545 985 non
1596 931 1764 1000 flens,
1809 932 1918 986 sed
1953 933 2274 1002 suspirans
2315 954 2332 991 :

354 1044 377 1070 «
412 1021 695 1088 Videsne,
725 1018 911 1089 inquit
948 1020 1205 1091 Tyriote,
1238 1019 1433 1074 locum
1474 1018 1773 1073 mendacio
1812 1034 1933 1073 non
1972 1020 2153 1075 esse?
2189 1026 2328 1079 tor-

346 1113 546 1165 menta
581 1108 711 1179 jam
750 1108 847 1163 hic
891 1111 1063 1164 erunt
1107 1125 1121 1163 :
1165 1109 1272 1165 sed
1313 1123 1389 1163 ne
1433 1108 1875 1180 exspectaveris
1916 1123 2024 1179 per
2061 1109 2230 1178 deOS‚
2271 1114 2333 1166 si

351 1196 494 1268 quid
521 1196 629 1251 tibi
658 1196 746 1251 tui
773 1198 937 1269 regis
964 1197 1317 1252 reverentiae
1356 1197 1447 1252 est
1473 1213 1492 1250 ς
1523 1211 1687 1264 num,
1729 1196 1886 1267 quod
1921 1200 1980 1253 et
2018 1198 2172 1252 scire
2212 1215 2335 1255 ex-

350 1286 486 1357 peto
500 1285 538 1313 ¹⁸
569 1288 627 1340 et
654 1301 923 1357 quaerere
953 1286 1145 1355 pudet,
1169 1302 1352 1341 ausus
1382 1287 1547 1340 estet
1569 1284 1845 1339 dominus
1875 1287 1931 1339 et
1951 1285 2274 1354 juvenis‘?*
2301 1313 2329 1338 »ι

352 1366 455 1430 Ille
497 1376 818 1446 quaestioni
864 1390 1083 1445 corpus
1129 1374 1372 1443 offerre,
1405 1373 1553 1428 deos
1590 1375 1776 1428 testes
1813 1374 2113 1442 invocare,
2158 1381 2335 1434 caste

353 1463 669 1534 sancteque
714 1461 975 1517 habitam
1028 1478 1165 1518 esse
1210 1463 1505 1534 reginam.
1552 1461 1809 1516 Tandem
1860 1466 1921 1516 ut
1975 1463 2126 1518 fides
2172 1465 2336 1522 facta

353 1554 446 1606 est
465 1567 610 1605 vera
637 1565 793 1618 esse,
816 1566 947 1622 quae
977 1550 1302 1605 affirmaret
1332 1551 1537 1622 spade,
1561 1551 1749 1621 capite
1763 1551 1978 1618 velato,
2001 1552 2105 1606 diu
2135 1553 2336 1627 flevit,

352 1639 846 1708 manantibusque
903 1636 1091 1692 adhuc
1130 1638 1412 1706 lacrimis,
1444 1641 1610 1693 veste
1667 1640 1737 1693 ab
1795 1655 1897 1694 ore
1954 1640 2195 1711 rejecta,
2251 1647 2334 1701 ad

354 1727 565 1781 caelum
610 1742 822 1781 manus
869 1727 1118 1781 tendens
1162 1741 1176 1781 ε
1225 1748 1246 1774 α
1296 1727 1368 1782 Di
1408 1727 1603 1798 patrii,
1636 1728 1846 1799 inquit,
1879 1730 2138 1798 primum
2180 1732 2335 1790 mihi

356 1813 618 1871 stabilite
669 1830 921 1887 regnum
950 1831 970 1870 2
1018 1815 1251 1881 deinde,
1299 1817 1353 1871 si
1393 1817 1463 1871 de
1505 1832 1598 1871 me
1639 1816 1758 1887 jam
1798 1821 2165 1877 transactum
2213 1829 2329 1894 est,

354 1919 567 1976 precor
607 1918 682 1958 ne
724 1903 858 1974 quis
894 1904 1096 1973 potius
1138 1903 1301 1959 Asiae
1345 1920 1453 1960 rex
1493 1904 1570 1959 sit
1613 1920 1788 1975 quam
1825 1906 1938 1963 iste
1977 1914 2094 1963 tam
2117 1912 2337 1983 justus

354 1994 569 2059 hostiS,
602 1998 720 2049 tam
746 1994 1095 2048 misericors
1126 1995 1338 2049 victor.
1373 2016 1399 2043 ι»

1147 2264 1398 2323 CAPUT
1449 2267 1531 2323 XI

684 2428 876 2478 Darius
912 2424 1163 2475 demande
1196 2438 1298 2473 une
1330 2426 1592 2474 troisieme
1627 2427 1727 2475 fois
1753 2426 1809 2478 ,la
1839 2428 1986 2492 paix.

1204 2561 1318 2620 (ste,
1348 2566 1470 2622 331.)

431 2746 630 2817 Itaque
667 2761 1039 2816 quamquam,
1072 2743 1299 2798 frustra
1323 2761 1467 2814 pace
1495 2745 1589 2799 bis
1617 2747 1847 2815 petita¹,
1882 2747 2077 2801 omnia
2107 2748 2169 2802 in
2197 2747 2346 2805 bel—

358 2836 481 2893 lum
515 2834 766 2888 consilia
802 2836 1198 2903 converterat,
1240 2835 1437 2888 victus
1480 2838 1673 2889 tamen
1713 2836 2070 2890 continentia
2105 2837 2336 2912 hostiS,

361 2924 433 2979 ad
461 2938 647 2977 novas
673 2924 838 2992 pacis
867 2924 1243 2978 condiciones
1275 2922 1547 2977 ferendas
1566 2942 1606 2976 x
1625 2925 1868 2995 legatoS,
1891 2929 2298 2996 cognatorum
2317 2933 2342 2953 '¹

358 3013 680 3084 principeS,
713 3012 913 3065 misitt
945 3028 1097 3081 quos
1126 3012 1485 3077 Alexander,
1518 3013 1767 3066 consilio
1799 3013 2100 3086 advocat0‚
2132 3016 2342 3071 intro-

360 3101 493 3155 duci
525 3099 726 3174 jussit.
760 3098 808 3152 E
838 3100 1051 3170 quibus
1079 3102 1378 3155 maximus
1416 3103 1555 3155 natu
1597 3116 1608 3155 :
1647 3124 1667 3149 «
1710 3102 1968 3170 Darium,
2015 3104 2231 3173 inquit,
2270 3111 2343 3162 ut

355 3203 561 3262 pacem
603 3203 638 3242 a
672 3190 734 3242 te
773 3187 899 3260 jam
940 3189 1054 3242 hoc
1094 3191 1263 3244 tertio
1308 3192 1532 3260 peteret
1577 3191 1739 3246 nulla
1781 3192 1874 3245 vis
1921 3192 2183 3265 subegit,
2219 3198 2342 3252 sed

409 3402 482 3446 1'1.
516 3399 755 3443 Debueras.
783 3397 854 3441 Cf.
883 3400 961 3445 111,
988 3408 1050 3450 iv,
1080 3403 1190 3440 note
1217 3403 1267 3446 6.

409 3468 482 3508 18.
516 3463 686 3515 Expeto
715 3461 853 3506 scire.
879 3459 1064 3515 Expeto,
1093 3470 1203 3503 avec
1233 3461 1469 3517 l'inflnitir‚
1502 3464 1619 3508 n‘cst
1635 3473 1719 3518 pas
1748 3461 1804 3507 de
1831 3461 2038 3519 l‘epoque
2062 3462 2337 3521 classique.

412 3528 490 3569 xl.
518 3545 572 3556 —
601 3528 645 3567 1.
681 3523 792 3566 Pace
821 3521 889 3564 bis
902 3520 1065 3574 petita,
1086 3524 1153 3573 IV,
1184 3533 1215 3576 ι,
1234 3527 1292 3577 8;
1321 3528 1388 3574 lv,
1419 3538 1463 3580 v,
1490 3526 1532 3573 1.
