<?xml version="1.0" encoding="UTF-8"?>
<!DOCTYPE html PUBLIC "-//W3C//DTD XHTML 1.0 Transitional//EN"
    "http://www.w3.org/TR/xhtml1/DTD/xhtml1-transitional.dtd">
<html xmlns="http://www.w3.org/1999/xhtml" xml:lang="en" lang="en">
 <head>
  <title>
</title>
<meta http-equiv="Content-Type" content="text/html;charset=utf-8" />
  <meta name='ocr-system' content='tesseract 3.04.00' />
  <meta name='ocr-capabilities' content='ocr_page ocr_carea ocr_par ocr_line ocrx_word'/>
</head>
<body>
  <div class='ocr_page' id='page_1' title='image "./qcurtirufihisto00brelgoog_0204.png"; bbox 0 0 2517 3975; ppageno 0'>
   <div class='ocr_carea' id='block_1_1' title="bbox 439 244 1639 307">
    <p class='ocr_par' dir='ltr' id='par_1_1' title="bbox 439 244 1639 307">
     <span class='ocr_line' id='line_1_1' title="bbox 439 244 1639 307; baseline 0 -8"><span class='ocrx_word' id='word_1_1' title='bbox 439 244 544 299; x_wconf 73' lang='lat'>172</span> <span class='ocrx_word' id='word_1_2' title='bbox 1199 262 1250 307; x_wconf 88' lang='lat' dir='ltr'>Q.</span> <span class='ocrx_word' id='word_1_3' title='bbox 1294 262 1464 300; x_wconf 76' lang='lat' dir='ltr'>curm</span> <span class='ocrx_word' id='word_1_4' title='bbox 1505 261 1639 299; x_wconf 75' lang='lat' dir='ltr'>aum</span> 
     </span>
    </p>
   </div>
   <div class='ocr_carea' id='block_1_2' title="bbox 306 366 2362 1858">
    <p class='ocr_par' dir='ltr' id='par_1_2' title="bbox 436 366 2353 529">
     <span class='ocr_line' id='line_1_2' title="bbox 437 366 2349 440; baseline -0.003 -17"><span class='ocrx_word' id='word_1_5' title='bbox 437 372 674 425; x_wconf 88' lang='lat' dir='ltr'>vastare</span> <span class='ocrx_word' id='word_1_6' title='bbox 703 369 1025 424; x_wconf 83' lang='lat' dir='ltr'>nuntiatum</span> <span class='ocrx_word' id='word_1_7' title='bbox 1053 370 1163 425; x_wconf 90' lang='lat' dir='ltr'>erit</span> <span class='ocrx_word' id='word_1_8' title='bbox 1186 369 1376 436; x_wconf 75' lang='lat' dir='ltr'>vobiS,</span> <span class='ocrx_word' id='word_1_9' title='bbox 1402 384 1518 440; x_wconf 85' lang='lat' dir='ltr'>quo</span> <span class='ocrx_word' id='word_1_10' title='bbox 1538 366 1740 424; x_wconf 89' lang='lat' dir='ltr'>dolore</span> <span class='ocrx_word' id='word_1_11' title='bbox 1769 367 2105 423; x_wconf 79' lang='lat' dir='ltr'>afficiamini</span> <span class='ocrx_word' id='word_1_12' title='bbox 2132 367 2349 420; x_wconf 79' lang='lat' dir='ltr'><strong>Bessum</strong></span> 
     </span>
     <span class='ocr_line' id='line_1_3' title="bbox 436 453 2353 529; baseline -0.002 -18"><span class='ocrx_word' id='word_1_13' title='bbox 436 457 676 529; x_wconf 86' lang='lat' dir='ltr'>praemia</span> <span class='ocrx_word' id='word_1_14' title='bbox 719 461 937 513; x_wconf 84' lang='lat' dir='ltr'>vestrae</span> <span class='ocrx_word' id='word_1_15' title='bbox 995 474 1319 528; x_wconf 74' lang='lat' dir='ltr'><strong>occupasse</strong></span> <span class='ocrx_word' id='word_1_16' title='bbox 1364 459 1677 513; x_wconf 79' lang='lat' dir='ltr'>victoriae‘.&gt;</span> <span class='ocrx_word' id='word_1_17' title='bbox 1718 458 1882 513; x_wconf 90' lang='lat' dir='ltr'>Tunc</span> <span class='ocrx_word' id='word_1_18' title='bbox 1930 458 2004 511; x_wconf 87' lang='lat' dir='ltr'>ad</span> <span class='ocrx_word' id='word_1_19' title='bbox 2046 453 2353 529; x_wconf 84' lang='lat' dir='ltr'>repetendas</span> 
     </span>
    </p>

    <p class='ocr_par' dir='ltr' id='par_1_3' title="bbox 310 545 2358 1064">
     <span class='ocr_line' id='line_1_4' title="bbox 310 545 2349 618; baseline -0.002 -17"><span class='ocrx_word' id='word_1_20' title='bbox 310 545 380 601; x_wconf 87' lang='grc'>16</span> <span class='ocrx_word' id='word_1_21' title='bbox 435 547 982 615; x_wconf 82' lang='lat' dir='ltr'>ros¹⁸festinabitis,</span> <span class='ocrx_word' id='word_1_22' title='bbox 1005 551 1144 603; x_wconf 90' lang='lat' dir='ltr'>tunc</span> <span class='ocrx_word' id='word_1_23' title='bbox 1175 564 1334 603; x_wconf 89' lang='lat' dir='ltr'>arma</span> <span class='ocrx_word' id='word_1_24' title='bbox 1364 548 1628 618; x_wconf 85' lang='lat' dir='ltr'>capietis.</span> <span class='ocrx_word' id='word_1_25' title='bbox 1654 547 1878 614; x_wconf 87' lang='lat' dir='ltr'>Quanto</span> <span class='ocrx_word' id='word_1_26' title='bbox 1907 550 2098 602; x_wconf 87' lang='lat' dir='ltr'>autem</span> <span class='ocrx_word' id='word_1_27' title='bbox 2126 547 2349 617; x_wconf 85' lang='lat' dir='ltr'>praestat,</span> 
     </span>
     <span class='ocr_line' id='line_1_5' title="bbox 432 629 2351 708; baseline -0.003 -17"><span class='ocrx_word' id='word_1_28' title='bbox 432 637 703 691; x_wconf 87' lang='lat' dir='ltr'>territum</span> <span class='ocrx_word' id='word_1_29' title='bbox 745 636 935 692; x_wconf 89' lang='lat' dir='ltr'>adhuc</span> <span class='ocrx_word' id='word_1_30' title='bbox 971 641 1028 692; x_wconf 89' lang='lat' dir='ltr'>et</span> <span class='ocrx_word' id='word_1_31' title='bbox 1065 638 1166 691; x_wconf 85' lang='lat' dir='ltr'>vix</span> <span class='ocrx_word' id='word_1_32' title='bbox 1204 638 1423 693; x_wconf 88' lang='lat' dir='ltr'>mentis</span> <span class='ocrx_word' id='word_1_33' title='bbox 1465 654 1592 692; x_wconf 83' lang='lat' dir='ltr'>suae</span> <span class='ocrx_word' id='word_1_34' title='bbox 1644 640 1973 708; x_wconf 81' lang='lat' dir='ltr'>compotem</span> <span class='ocrx_word' id='word_1_35' title='bbox 2017 629 2351 707; x_wconf 70' lang='lat' dir='ltr'>opprimere!</span> 
     </span>
     <span class='ocr_line' id='line_1_6' title="bbox 432 724 2354 798; baseline -0.002 -20"><span class='ocrx_word' id='word_1_36' title='bbox 432 724 810 791; x_wconf 82' lang='lat' dir='ltr'>Quadridui¹⁰</span> <span class='ocrx_word' id='word_1_37' title='bbox 829 725 1001 781; x_wconf 87' lang='lat' dir='ltr'>nohis</span> <span class='ocrx_word' id='word_1_38' title='bbox 1021 728 1137 781; x_wconf 89' lang='lat' dir='ltr'>iter</span> <span class='ocrx_word' id='word_1_39' title='bbox 1156 732 1445 797; x_wconf 80' lang='lat' dir='ltr'>superest,</span> <span class='ocrx_word' id='word_1_40' title='bbox 1470 728 1569 798; x_wconf 89' lang='lat' dir='ltr'>qui</span> <span class='ocrx_word' id='word_1_41' title='bbox 1588 729 1673 782; x_wconf 86' lang='lat' dir='ltr'>tot</span> <span class='ocrx_word' id='word_1_42' title='bbox 1701 725 2169 797; x_wconf 78' lang='lat' dir='ltr'>proculcavimus</span> <span class='ocrx_word' id='word_1_43' title='bbox 2195 724 2354 790; x_wconf 87' lang='lat' dir='ltr'>nives,</span> 
     </span>
     <span class='ocr_line' id='line_1_7' title="bbox 432 813 2355 887; baseline -0.002 -19"><span class='ocrx_word' id='word_1_44' title='bbox 432 817 519 869; x_wconf 85' lang='lat' dir='ltr'>tot</span> <span class='ocrx_word' id='word_1_45' title='bbox 538 829 742 869; x_wconf 90' lang='lat' dir='ltr'>amnes</span> <span class='ocrx_word' id='word_1_46' title='bbox 773 817 1211 886; x_wconf 81' lang='lat' dir='ltr'>superavimus,</span> <span class='ocrx_word' id='word_1_47' title='bbox 1237 819 1322 870; x_wconf 88' lang='lat' dir='ltr'>tot</span> <span class='ocrx_word' id='word_1_48' title='bbox 1349 816 1629 870; x_wconf 89' lang='lat' dir='ltr'>montium</span> <span class='ocrx_word' id='word_1_49' title='bbox 1652 815 1801 887; x_wconf 82' lang='lat' dir='ltr'>juga</span> <span class='ocrx_word' id='word_1_50' title='bbox 1830 813 2355 870; x_wconf 64' lang='lat' dir='ltr'>transcucurrimus</span> 
     </span>
     <span class='ocr_line' id='line_1_8' title="bbox 435 901 2357 974; baseline -0.002 -16"><span class='ocrx_word' id='word_1_51' title='bbox 435 904 570 958; x_wconf 93' lang='lat' dir='ltr'>Non</span> <span class='ocrx_word' id='word_1_52' title='bbox 607 920 769 959; x_wconf 90' lang='lat' dir='ltr'>mare</span> <span class='ocrx_word' id='word_1_53' title='bbox 805 903 974 974; x_wconf 88' lang='lat' dir='ltr'>illud,</span> <span class='ocrx_word' id='word_1_54' title='bbox 1018 904 1172 974; x_wconf 91' lang='lat' dir='ltr'>quod</span> <span class='ocrx_word' id='word_1_55' title='bbox 1216 907 1547 960; x_wconf 78' lang='lat' dir='ltr'>exaestuans</span> <span class='ocrx_word' id='word_1_56' title='bbox 1586 904 1700 957; x_wconf 87' lang='lat' dir='ltr'>iter</span> <span class='ocrx_word' id='word_1_57' title='bbox 1745 904 2017 958; x_wconf 86' lang='lat' dir='ltr'>fluctibus</span> <span class='ocrx_word' id='word_1_58' title='bbox 2055 905 2283 972; x_wconf 90' lang='lat' dir='ltr'>occupat</span> <span class='ocrx_word' id='word_1_59' title='bbox 2307 901 2357 968; x_wconf 78' lang='lat'>⁴¹,</span> 
     </span>
     <span class='ocr_line' id='line_1_9' title="bbox 435 990 2358 1064; baseline -0.003 -16"><span class='ocrx_word' id='word_1_60' title='bbox 435 997 640 1048; x_wconf 88' lang='lat' dir='ltr'>euntes</span> <span class='ocrx_word' id='word_1_61' title='bbox 677 1009 789 1048; x_wconf 90' lang='lat' dir='ltr'>nos</span> <span class='ocrx_word' id='word_1_62' title='bbox 840 996 1130 1064; x_wconf 86' lang='lat' dir='ltr'>moratur;</span> <span class='ocrx_word' id='word_1_63' title='bbox 1163 1009 1281 1049; x_wconf 90' lang='lat' dir='ltr'>non</span> <span class='ocrx_word' id='word_1_64' title='bbox 1311 994 1534 1049; x_wconf 78' lang='lat' dir='ltr'>Ciliciae</span> <span class='ocrx_word' id='word_1_65' title='bbox 1562 991 1764 1059; x_wconf 79' lang='lat' dir='ltr'>fauces</span> <span class='ocrx_word' id='word_1_66' title='bbox 1792 995 1851 1047; x_wconf 86' lang='lat' dir='ltr'>et</span> <span class='ocrx_word' id='word_1_67' title='bbox 1878 993 2166 1064; x_wconf 80' lang='lat' dir='ltr'>angustiae</span> <span class='ocrx_word' id='word_1_68' title='bbox 2192 990 2358 1045; x_wconf 88' lang='lat' dir='ltr'>inclu-</span> 
     </span>
    </p>

    <p class='ocr_par' dir='ltr' id='par_1_4' title="bbox 311 1079 2362 1597">
     <span class='ocr_line' id='line_1_10' title="bbox 311 1079 2359 1154; baseline -0.001 -20"><span class='ocrx_word' id='word_1_69' title='bbox 311 1081 375 1135; x_wconf 86' lang='lat'>17</span> <span class='ocrx_word' id='word_1_70' title='bbox 435 1081 577 1136; x_wconf 89' lang='lat' dir='ltr'>dunt</span> <span class='ocrx_word' id='word_1_71' title='bbox 610 1099 622 1135; x_wconf 73' lang='grc' dir='ltr'>ε</span> <span class='ocrx_word' id='word_1_72' title='bbox 653 1081 827 1153; x_wconf 89' lang='lat' dir='ltr'>plana</span> <span class='ocrx_word' id='word_1_73' title='bbox 865 1083 1061 1137; x_wconf 89' lang='lat' dir='ltr'>omnia</span> <span class='ocrx_word' id='word_1_74' title='bbox 1100 1085 1157 1136; x_wconf 86' lang='lat' dir='ltr'>et</span> <span class='ocrx_word' id='word_1_75' title='bbox 1193 1098 1381 1154; x_wconf 87' lang='lat' dir='ltr'>prona</span> <span class='ocrx_word' id='word_1_76' title='bbox 1419 1084 1577 1137; x_wconf 88' lang='lat' dir='ltr'>sunt.</span> <span class='ocrx_word' id='word_1_77' title='bbox 1610 1083 1677 1136; x_wconf 92' lang='lat' dir='ltr'>In</span> <span class='ocrx_word' id='word_1_78' title='bbox 1709 1083 1840 1153; x_wconf 91' lang='lat' dir='ltr'>ipso</span> <span class='ocrx_word' id='word_1_79' title='bbox 1896 1081 2098 1137; x_wconf 85' lang='lat' dir='ltr'>limine</span> <span class='ocrx_word' id='word_1_80' title='bbox 2126 1079 2359 1135; x_wconf 79' lang='lat' dir='ltr'>victoriae</span> 
     </span>
     <span class='ocr_line' id='line_1_11' title="bbox 435 1170 2360 1243; baseline -0.001 -20"><span class='ocrx_word' id='word_1_81' title='bbox 435 1172 681 1224; x_wconf 76' lang='lat' dir='ltr'>stamus,</span> <span class='ocrx_word' id='word_1_82' title='bbox 715 1171 896 1225; x_wconf 86' lang='lat' dir='ltr'>Pauci</span> <span class='ocrx_word' id='word_1_83' title='bbox 923 1171 1097 1226; x_wconf 89' lang='lat' dir='ltr'>nobis</span> <span class='ocrx_word' id='word_1_84' title='bbox 1125 1171 1361 1243; x_wconf 83' lang='lat' dir='ltr'>fugitivi</span> <span class='ocrx_word' id='word_1_85' title='bbox 1391 1174 1444 1226; x_wconf 84' lang='lat' dir='ltr'>et</span> <span class='ocrx_word' id='word_1_86' title='bbox 1474 1171 1694 1225; x_wconf 85' lang='lat' dir='ltr'>domini</span> <span class='ocrx_word' id='word_1_87' title='bbox 1723 1171 1818 1225; x_wconf 92' lang='lat' dir='ltr'>sui</span> <span class='ocrx_word' id='word_1_88' title='bbox 1847 1170 2249 1225; x_wconf 87' lang='lat' dir='ltr'>interfectores</span> <span class='ocrx_word' id='word_1_89' title='bbox 2275 1184 2360 1222; x_wconf 89' lang='lat' dir='ltr'>su·-</span> 
     </span>
     <span class='ocr_line' id='line_1_12' title="bbox 432 1254 2360 1332; baseline -0.002 -19"><span class='ocrx_word' id='word_1_90' title='bbox 432 1262 704 1329; x_wconf 87' lang='lat' dir='ltr'>persunt.</span> <span class='ocrx_word' id='word_1_91' title='bbox 728 1259 1073 1332; x_wconf 81' lang='lat' dir='ltr'>Egregium,</span> <span class='ocrx_word' id='word_1_92' title='bbox 1096 1260 1449 1330; x_wconf 83' lang='lat' dir='ltr'>mehercule,</span> <span class='ocrx_word' id='word_1_93' title='bbox 1476 1276 1643 1330; x_wconf 75' lang='lat' dir='ltr'>opuS,</span> <span class='ocrx_word' id='word_1_94' title='bbox 1667 1261 1723 1313; x_wconf 85' lang='lat' dir='ltr'>et</span> <span class='ocrx_word' id='word_1_95' title='bbox 1737 1259 1893 1314; x_wconf 90' lang='lat' dir='ltr'>inter</span> <span class='ocrx_word' id='word_1_96' title='bbox 1913 1259 2104 1329; x_wconf 87' lang='lat' dir='ltr'>prima</span> <span class='ocrx_word' id='word_1_97' title='bbox 2129 1256 2317 1331; x_wconf 81' lang='lat' dir='ltr'>gloriae</span> <span class='ocrx_word' id='word_1_98' title='bbox 2330 1254 2360 1282; x_wconf 89' lang='lat'>¹⁸</span> 
     </span>
     <span class='ocr_line' id='line_1_13' title="bbox 434 1343 2362 1420; baseline -0.003 -20"><span class='ocrx_word' id='word_1_99' title='bbox 434 1350 647 1402; x_wconf 84' lang='lat' dir='ltr'>vestrae</span> <span class='ocrx_word' id='word_1_100' title='bbox 697 1349 1146 1416; x_wconf 88' lang='lat' dir='ltr'>numerandum,</span> <span class='ocrx_word' id='word_1_101' title='bbox 1190 1348 1524 1420; x_wconf 86' lang='lat' dir='ltr'>posteritati</span> <span class='ocrx_word' id='word_1_102' title='bbox 1578 1348 1862 1418; x_wconf 75' lang='lat' dir='ltr'>famaeque</span> <span class='ocrx_word' id='word_1_103' title='bbox 1915 1346 2181 1419; x_wconf 85' lang='lat' dir='ltr'>tradetis,</span> <span class='ocrx_word' id='word_1_104' title='bbox 2229 1343 2362 1399; x_wconf 86' lang='lat' dir='ltr'>Darii</span> 
     </span>
     <span class='ocr_line' id='line_1_14' title="bbox 432 1430 2362 1508; baseline -0.001 -19"><span class='ocrx_word' id='word_1_105' title='bbox 432 1451 663 1508; x_wconf 89' lang='lat' dir='ltr'>quoque</span> <span class='ocrx_word' id='word_1_106' title='bbox 698 1435 910 1505; x_wconf 90' lang='lat' dir='ltr'>hostis,</span> <span class='ocrx_word' id='word_1_107' title='bbox 940 1435 1101 1492; x_wconf 87' lang='lat' dir='ltr'>finito</span> <span class='ocrx_word' id='word_1_108' title='bbox 1140 1440 1280 1508; x_wconf 91' lang='lat' dir='ltr'>post</span> <span class='ocrx_word' id='word_1_109' title='bbox 1309 1440 1558 1491; x_wconf 87' lang='lat' dir='ltr'>mortem</span> <span class='ocrx_word' id='word_1_110' title='bbox 1594 1437 1755 1490; x_wconf 90' lang='lat' dir='ltr'>illius</span> <span class='ocrx_word' id='word_1_111' title='bbox 1799 1435 1953 1505; x_wconf 90' lang='lat' dir='ltr'>odio,</span> <span class='ocrx_word' id='word_1_112' title='bbox 2003 1430 2362 1508; x_wconf 79' lang='lat' dir='ltr'>parricidas¹’</span> 
     </span>
     <span class='ocr_line' id='line_1_15' title="bbox 432 1522 2358 1597; baseline -0.002 -19"><span class='ocrx_word' id='word_1_113' title='bbox 432 1539 568 1579; x_wconf 89' lang='lat' dir='ltr'>esse</span> <span class='ocrx_word' id='word_1_114' title='bbox 606 1541 717 1580; x_wconf 88' lang='lat' dir='ltr'>vos</span> <span class='ocrx_word' id='word_1_115' title='bbox 746 1525 924 1593; x_wconf 66' lang='lat' dir='ltr'>ulma,</span> <span class='ocrx_word' id='word_1_116' title='bbox 955 1525 1244 1581; x_wconf 89' lang='lat' dir='ltr'>neminem</span> <span class='ocrx_word' id='word_1_117' title='bbox 1291 1525 1537 1597; x_wconf 91' lang='lat' dir='ltr'>impium</span> <span class='ocrx_word' id='word_1_118' title='bbox 1562 1522 1845 1596; x_wconf 83' lang='lat' dir='ltr'>effugisse</span> <span class='ocrx_word' id='word_1_119' title='bbox 1886 1527 2120 1578; x_wconf 90' lang='lat' dir='ltr'>vestras</span> <span class='ocrx_word' id='word_1_120' title='bbox 2155 1536 2358 1578; x_wconf 84' lang='lat' dir='ltr'>manus.</span> 
     </span>
    </p>

    <p class='ocr_par' dir='ltr' id='par_1_5' title="bbox 306 1611 2359 1858">
     <span class='ocr_line' id='line_1_16' title="bbox 306 1611 2359 1685; baseline -0.003 -15"><span class='ocrx_word' id='word_1_121' title='bbox 306 1616 374 1670; x_wconf 84' lang='lat'>18</span> <span class='ocrx_word' id='word_1_122' title='bbox 432 1612 561 1666; x_wconf 91' lang='lat' dir='ltr'>Hoc</span> <span class='ocrx_word' id='word_1_123' title='bbox 589 1617 939 1684; x_wconf 85' lang='lat' dir='ltr'>perpetrate,</span> <span class='ocrx_word' id='word_1_124' title='bbox 963 1622 1180 1685; x_wconf 87' lang='lat' dir='ltr'>quanto</span> <span class='ocrx_word' id='word_1_125' title='bbox 1210 1614 1449 1669; x_wconf 84' lang='lat' dir='ltr'>creditis</span> <span class='ocrx_word' id='word_1_126' title='bbox 1478 1614 1695 1668; x_wconf 88' lang='lat' dir='ltr'>Persas</span> <span class='ocrx_word' id='word_1_127' title='bbox 1725 1611 2219 1683; x_wconf 86' lang='lat' dir='ltr'>obsequentiores</span> <span class='ocrx_word' id='word_1_128' title='bbox 2236 1611 2359 1674; x_wconf 85' lang='lat' dir='ltr'>fore,</span> 
     </span>
     <span class='ocr_line' id='line_1_17' title="bbox 430 1696 2359 1772; baseline -0.003 -17"><span class='ocrx_word' id='word_1_129' title='bbox 430 1715 564 1755; x_wconf 82' lang='lat' dir='ltr'>curn</span> <span class='ocrx_word' id='word_1_130' title='bbox 604 1701 997 1757; x_wconf 84' lang='lat' dir='ltr'>intellexerint</span> <span class='ocrx_word' id='word_1_131' title='bbox 1020 1717 1130 1756; x_wconf 91' lang='lat' dir='ltr'>vos</span> <span class='ocrx_word' id='word_1_132' title='bbox 1170 1702 1270 1772; x_wconf 88' lang='lat' dir='ltr'>pia</span> <span class='ocrx_word' id='word_1_133' title='bbox 1307 1700 1461 1756; x_wconf 88' lang='lat' dir='ltr'>bella</span> <span class='ocrx_word' id='word_1_134' title='bbox 1498 1702 1806 1770; x_wconf 84' lang='lat' dir='ltr'>suscipere</span> <span class='ocrx_word' id='word_1_135' title='bbox 1850 1704 1907 1754; x_wconf 91' lang='lat' dir='ltr'>et</span> <span class='ocrx_word' id='word_1_136' title='bbox 1943 1701 2121 1756; x_wconf 89' lang='lat' dir='ltr'>Bessi</span> <span class='ocrx_word' id='word_1_137' title='bbox 2155 1696 2359 1763; x_wconf 87' lang='lat' dir='ltr'>sceleri,</span> 
     </span>
     <span class='ocr_line' id='line_1_18' title="bbox 431 1789 1341 1858; baseline 0.002 -17"><span class='ocrx_word' id='word_1_138' title='bbox 431 1804 551 1843; x_wconf 88' lang='lat' dir='ltr'>non</span> <span class='ocrx_word' id='word_1_139' title='bbox 580 1789 807 1844; x_wconf 89' lang='lat' dir='ltr'>nomini</span> <span class='ocrx_word' id='word_1_140' title='bbox 837 1804 946 1844; x_wconf 92' lang='lat' dir='ltr'>suo</span> <span class='ocrx_word' id='word_1_141' title='bbox 963 1789 1024 1858; x_wconf 68' lang='lat'>³⁰,</span> <span class='ocrx_word' id='word_1_142' title='bbox 1055 1790 1234 1844; x_wconf 87' lang='lat' dir='ltr'>irasci</span> <span class='ocrx_word' id='word_1_143' title='bbox 1255 1791 1285 1843; x_wconf 74' lang='lat'>⁶?</span> <span class='ocrx_word' id='word_1_144' title='bbox 1320 1813 1341 1831; x_wconf 64' lang='grc' dir='ltr'>ι-</span> 
     </span>
    </p>
   </div>
   <div class='ocr_carea' id='block_1_3' title="bbox 1227 2064 1592 2121">
    <p class='ocr_par' dir='ltr' id='par_1_6' title="bbox 1227 2064 1592 2121">
     <span class='ocr_line' id='line_1_19' title="bbox 1227 2064 1592 2121; baseline 0 -1"><span class='ocrx_word' id='word_1_145' title='bbox 1227 2064 1477 2120; x_wconf 86' lang='lat' dir='ltr'>CAPUT</span> <span class='ocrx_word' id='word_1_146' title='bbox 1513 2065 1592 2121; x_wconf 88' lang='lat' dir='ltr'>IV</span> 
     </span>
    </p>
   </div>
   <div class='ocr_carea' id='block_1_4' title="bbox 539 2232 2263 2294">
    <p class='ocr_par' dir='ltr' id='par_1_7' title="bbox 539 2232 2263 2294">
     <span class='ocr_line' id='line_1_20' title="bbox 539 2232 2263 2294; baseline 0.003 -10"><span class='ocrx_word' id='word_1_147' title='bbox 539 2232 828 2285; x_wconf 79' lang='lat' dir='ltr'>Alexandra</span> <span class='ocrx_word' id='word_1_148' title='bbox 862 2233 995 2282; x_wconf 85' lang='lat' dir='ltr'>dans</span> <span class='ocrx_word' id='word_1_149' title='bbox 1027 2232 1344 2294; x_wconf 78' lang='lat' dir='ltr'>l’Hyrcanie.</span> <span class='ocrx_word' id='word_1_150' title='bbox 1376 2259 1441 2269; x_wconf 89' lang='lat'>—</span> <span class='ocrx_word' id='word_1_151' title='bbox 1470 2233 1804 2285; x_wconf 87' lang='lat' dir='ltr'>Soumission</span> <span class='ocrx_word' id='word_1_152' title='bbox 1840 2236 1902 2285; x_wconf 87' lang='lat' dir='ltr'>de</span> <span class='ocrx_word' id='word_1_153' title='bbox 1936 2237 2263 2289; x_wconf 74' lang='lat' dir='ltr'>Nabarzane-</span> 
     </span>
    </p>
   </div>
   <div class='ocr_carea' id='block_1_5' title="bbox 1197 2374 1609 2429">
    <p class='ocr_par' dir='ltr' id='par_1_8' title="bbox 1197 2374 1609 2429">
     <span class='ocr_line' id='line_1_21' title="bbox 1197 2374 1609 2429; baseline 0.012 -13"><span class='ocrx_word' id='word_1_154' title='bbox 1197 2374 1456 2429; x_wconf 79' lang='lat' dir='ltr'>(Automne‚</span> <span class='ocrx_word' id='word_1_155' title='bbox 1485 2376 1609 2429; x_wconf 86' lang='grc'><strong>330.)</strong></span> 
     </span>
    </p>
   </div>
   <div class='ocr_carea' id='block_1_6' title="bbox 332 2552 2362 2719">
    <p class='ocr_par' dir='ltr' id='par_1_9' title="bbox 332 2552 2362 2719">
     <span class='ocr_line' id='line_1_22' title="bbox 334 2552 2362 2630; baseline -0.002 -18"><span class='ocrx_word' id='word_1_156' title='bbox 334 2558 363 2612; x_wconf 90' lang='grc'><strong>1</strong></span> <span class='ocrx_word' id='word_1_157' title='bbox 493 2556 732 2609; x_wconf 78' lang='lat' dir='ltr'>Summa</span> <span class='ocrx_word' id='word_1_158' title='bbox 769 2552 1017 2607; x_wconf 89' lang='lat' dir='ltr'>militum</span> <span class='ocrx_word' id='word_1_159' title='bbox 1063 2553 1357 2609; x_wconf 86' lang='lat' dir='ltr'>alacritate</span> <span class='ocrx_word' id='word_1_160' title='bbox 1378 2553 1749 2623; x_wconf 84' lang='lat' dir='ltr'>jubentium¹</span> <span class='ocrx_word' id='word_1_161' title='bbox 1793 2572 2159 2630; x_wconf 89' lang='lat' dir='ltr'>quocumque</span> <span class='ocrx_word' id='word_1_162' title='bbox 2205 2556 2362 2613; x_wconf 83' lang='lat' dir='ltr'>vellet</span> 
     </span>
     <span class='ocr_line' id='line_1_23' title="bbox 332 2643 2359 2719; baseline -0.002 -20"><span class='ocrx_word' id='word_1_163' title='bbox 332 2646 367 2699; x_wconf 74' lang='lat'>2</span> <span class='ocrx_word' id='word_1_164' title='bbox 422 2643 666 2698; x_wconf 87' lang='lat' dir='ltr'>duceret</span> <span class='ocrx_word' id='word_1_165' title='bbox 690 2644 730 2710; x_wconf 78' lang='lat'>²,</span> <span class='ocrx_word' id='word_1_166' title='bbox 770 2643 955 2699; x_wconf 86' lang='lat' dir='ltr'>oratio</span> <span class='ocrx_word' id='word_1_167' title='bbox 1002 2645 1246 2713; x_wconf 83' lang='lat' dir='ltr'>excepta</span> <span class='ocrx_word' id='word_1_168' title='bbox 1292 2646 1409 2699; x_wconf 88' lang='lat' dir='ltr'>est.</span> <span class='ocrx_word' id='word_1_169' title='bbox 1461 2643 1588 2699; x_wconf 89' lang='lat' dir='ltr'>Nec</span> <span class='ocrx_word' id='word_1_170' title='bbox 1625 2661 1732 2700; x_wconf 83' lang='lat' dir='ltr'>rex</span> <span class='ocrx_word' id='word_1_171' title='bbox 1765 2646 2036 2700; x_wconf 84' lang='lat' dir='ltr'>moratus</span> <span class='ocrx_word' id='word_1_172' title='bbox 2072 2648 2359 2719; x_wconf 87' lang='lat' dir='ltr'>impetum:</span> 
     </span>
    </p>
   </div>
   <div class='ocr_carea' id='block_1_7' title="bbox 415 2838 2361 3640">
    <p class='ocr_par' dir='ltr' id='par_1_10' title="bbox 421 2838 2361 3021">
     <span class='ocr_line' id='line_1_24' title="bbox 476 2838 2361 2897; baseline -0.002 -10"><span class='ocrx_word' id='word_1_173' title='bbox 476 2845 545 2887; x_wconf 77' lang='grc'>15.</span> <span class='ocrx_word' id='word_1_174' title='bbox 574 2840 641 2884; x_wconf 76' lang='lat' dir='ltr'>Aa</span> <span class='ocrx_word' id='word_1_175' title='bbox 658 2841 922 2897; x_wconf 73' lang='lat' dir='ltr'>repetendae</span> <span class='ocrx_word' id='word_1_176' title='bbox 949 2852 1039 2895; x_wconf 74' lang='lat' dir='ltr'>res,</span> <span class='ocrx_word' id='word_1_177' title='bbox 1080 2838 1290 2884; x_wconf 88' lang='lat' dir='ltr'>locution</span> <span class='ocrx_word' id='word_1_178' title='bbox 1335 2840 1392 2883; x_wconf 89' lang='lat' dir='ltr'>de</span> <span class='ocrx_word' id='word_1_179' title='bbox 1434 2840 1482 2883; x_wconf 86' lang='lat' dir='ltr'>la</span> <span class='ocrx_word' id='word_1_180' title='bbox 1523 2842 1696 2895; x_wconf 85' lang='lat' dir='ltr'>langue</span> <span class='ocrx_word' id='word_1_181' title='bbox 1749 2841 2015 2896; x_wconf 84' lang='lat' dir='ltr'>judiciaire,</span> <span class='ocrx_word' id='word_1_182' title='bbox 2058 2844 2267 2887; x_wconf 61' lang='lat' dir='ltr'>reclames·</span> <span class='ocrx_word' id='word_1_183' title='bbox 2298 2849 2361 2883; x_wconf 75' lang='lat' dir='ltr'>aas</span> 
     </span>
     <span class='ocr_line' id='line_1_25' title="bbox 422 2901 2358 2957; baseline -0.001 -12"><span class='ocrx_word' id='word_1_184' title='bbox 422 2902 555 2946; x_wconf 88' lang='lat' dir='ltr'>biens</span> <span class='ocrx_word' id='word_1_185' title='bbox 582 2914 641 2947; x_wconf 88' lang='lat' dir='ltr'>en</span> <span class='ocrx_word' id='word_1_186' title='bbox 667 2904 854 2957; x_wconf 86' lang='lat' dir='ltr'>justice.</span> <span class='ocrx_word' id='word_1_187' title='bbox 901 2901 1013 2946; x_wconf 79' lang='lat' dir='ltr'>D&#39;ou</span> <span class='ocrx_word' id='word_1_188' title='bbox 1045 2902 1245 2957; x_wconf 70' lang='lat' dir='ltr'>pecuniae</span> <span class='ocrx_word' id='word_1_189' title='bbox 1273 2903 1522 2956; x_wconf 75' lang='lat' dir='ltr'>repetunaae</span> <span class='ocrx_word' id='word_1_190' title='bbox 1549 2908 1598 2946; x_wconf 91' lang='lat' dir='ltr'>et</span> <span class='ocrx_word' id='word_1_191' title='bbox 1638 2904 1933 2954; x_wconf 87' lang='lat' dir='ltr'>absolument</span> <span class='ocrx_word' id='word_1_192' title='bbox 1980 2905 2243 2957; x_wconf 55' lang='lat' dir='ltr'>remmam,</span> <span class='ocrx_word' id='word_1_193' title='bbox 2269 2903 2358 2947; x_wconf 82' lang='lat' dir='ltr'>l&#39;ar·</span> 
     </span>
     <span class='ocr_line' id='line_1_26' title="bbox 421 2963 2033 3021; baseline 0.001 -13"><span class='ocrx_word' id='word_1_194' title='bbox 421 2969 532 3018; x_wconf 77' lang='lat' dir='ltr'>gent</span> <span class='ocrx_word' id='word_1_195' title='bbox 550 2965 577 3008; x_wconf 77' lang='lat' dir='ltr'>a</span> <span class='ocrx_word' id='word_1_196' title='bbox 605 2963 830 3009; x_wconf 77' lang='lat' dir='ltr'>reclamet</span> <span class='ocrx_word' id='word_1_197' title='bbox 857 2976 994 3021; x_wconf 89' lang='lat' dir='ltr'>parce</span> <span class='ocrx_word' id='word_1_198' title='bbox 1017 2964 1129 3019; x_wconf 87' lang='lat' dir='ltr'>qu’il</span> <span class='ocrx_word' id='word_1_199' title='bbox 1158 2976 1184 3007; x_wconf 83' lang='lat' dir='ltr'>a</span> <span class='ocrx_word' id='word_1_200' title='bbox 1207 2963 1283 3007; x_wconf 72' lang='lat' dir='ltr'>ete</span> <span class='ocrx_word' id='word_1_201' title='bbox 1311 2964 1534 3019; x_wconf 78' lang='lat' dir='ltr'>extorque</span> <span class='ocrx_word' id='word_1_202' title='bbox 1562 2969 1723 3008; x_wconf 85' lang='lat' dir='ltr'>contre</span> <span class='ocrx_word' id='word_1_203' title='bbox 1753 2971 1854 3010; x_wconf 87' lang='lat' dir='ltr'>tout</span> <span class='ocrx_word' id='word_1_204' title='bbox 1889 2967 2033 3011; x_wconf 78' lang='lat' dir='ltr'>droit.</span> 
     </span>
    </p>

    <p class='ocr_par' dir='ltr' id='par_1_11' title="bbox 471 3026 2252 3082">
     <span class='ocr_line' id='line_1_27' title="bbox 471 3026 2252 3082; baseline 0 -13"><span class='ocrx_word' id='word_1_205' title='bbox 471 3027 543 3071; x_wconf 83' lang='lat'>16.</span> <span class='ocrx_word' id='word_1_206' title='bbox 577 3027 836 3080; x_wconf 74' lang='lat' dir='ltr'>Quadridui.</span> <span class='ocrx_word' id='word_1_207' title='bbox 861 3028 1117 3071; x_wconf 77' lang='lat' dir='ltr'>Alexandra</span> <span class='ocrx_word' id='word_1_208' title='bbox 1139 3027 1348 3070; x_wconf 84' lang='lat' dir='ltr'>diminue</span> <span class='ocrx_word' id='word_1_209' title='bbox 1368 3030 1394 3069; x_wconf 84' lang='lat' dir='ltr'>a</span> <span class='ocrx_word' id='word_1_210' title='bbox 1417 3026 1603 3069; x_wconf 83' lang='lat' dir='ltr'>dessein</span> <span class='ocrx_word' id='word_1_211' title='bbox 1632 3027 1678 3071; x_wconf 87' lang='lat' dir='ltr'>la</span> <span class='ocrx_word' id='word_1_212' title='bbox 1706 3027 1934 3082; x_wconf 83' lang='lat' dir='ltr'>longueur</span> <span class='ocrx_word' id='word_1_213' title='bbox 1952 3029 2009 3073; x_wconf 87' lang='lat' dir='ltr'>de</span> <span class='ocrx_word' id='word_1_214' title='bbox 2037 3030 2083 3072; x_wconf 85' lang='lat' dir='ltr'>la</span> <span class='ocrx_word' id='word_1_215' title='bbox 2109 3034 2252 3073; x_wconf 88' lang='lat' dir='ltr'>route.</span> 
     </span>
    </p>

    <p class='ocr_par' dir='ltr' id='par_1_12' title="bbox 415 3088 2360 3269">
     <span class='ocr_line' id='line_1_28' title="bbox 469 3088 2358 3146; baseline 0.002 -14"><span class='ocrx_word' id='word_1_216' title='bbox 469 3091 542 3134; x_wconf 76' lang='lat'>17.</span> <span class='ocrx_word' id='word_1_217' title='bbox 577 3090 669 3132; x_wconf 84' lang='lat' dir='ltr'>Iter</span> <span class='ocrx_word' id='word_1_218' title='bbox 702 3093 900 3146; x_wconf 80' lang='lat' dir='ltr'>occupat,</span> <span class='ocrx_word' id='word_1_219' title='bbox 934 3088 1016 3144; x_wconf 83' lang='lat' dir='ltr'>qui</span> <span class='ocrx_word' id='word_1_220' title='bbox 1040 3090 1157 3133; x_wconf 85' lang='lat' dir='ltr'>tient</span> <span class='ocrx_word' id='word_1_221' title='bbox 1185 3091 1230 3133; x_wconf 85' lang='lat' dir='ltr'>la</span> <span class='ocrx_word' id='word_1_222' title='bbox 1268 3093 1415 3141; x_wconf 89' lang='lat' dir='ltr'>route,</span> <span class='ocrx_word' id='word_1_223' title='bbox 1454 3088 1535 3144; x_wconf 87' lang='lat' dir='ltr'>qui</span> <span class='ocrx_word' id='word_1_224' title='bbox 1564 3089 1823 3144; x_wconf 86' lang='lat' dir='ltr'>intercepte</span> <span class='ocrx_word' id='word_1_225' title='bbox 1849 3090 1894 3133; x_wconf 85' lang='lat' dir='ltr'>la</span> <span class='ocrx_word' id='word_1_226' title='bbox 1914 3095 2068 3135; x_wconf 88' lang='lat' dir='ltr'>route.</span> <span class='ocrx_word' id='word_1_227' title='bbox 2111 3088 2358 3136; x_wconf 69' lang='lat' dir='ltr'>Alexandro,</span> 
     </span>
     <span class='ocr_line' id='line_1_29' title="bbox 415 3150 2360 3209; baseline -0.003 -14"><span class='ocrx_word' id='word_1_228' title='bbox 415 3162 535 3206; x_wconf 88' lang='lat' dir='ltr'>pour</span> <span class='ocrx_word' id='word_1_229' title='bbox 564 3162 617 3195; x_wconf 86' lang='lat' dir='ltr'>se</span> <span class='ocrx_word' id='word_1_230' title='bbox 640 3153 805 3196; x_wconf 87' lang='lat' dir='ltr'>rendre</span> <span class='ocrx_word' id='word_1_231' title='bbox 845 3151 903 3195; x_wconf 85' lang='lat' dir='ltr'>de</span> <span class='ocrx_word' id='word_1_232' title='bbox 931 3150 1074 3205; x_wconf 81' lang='lat' dir='ltr'>Lycie</span> <span class='ocrx_word' id='word_1_233' title='bbox 1098 3162 1159 3195; x_wconf 90' lang='lat' dir='ltr'>en</span> <span class='ocrx_word' id='word_1_234' title='bbox 1185 3151 1471 3206; x_wconf 80' lang='lat' dir='ltr'>Pamphylia,</span> <span class='ocrx_word' id='word_1_235' title='bbox 1500 3151 1626 3194; x_wconf 83' lang='lat' dir='ltr'>avait</span> <span class='ocrx_word' id='word_1_236' title='bbox 1653 3150 1791 3206; x_wconf 78' lang='lat' dir='ltr'>longe</span> <span class='ocrx_word' id='word_1_237' title='bbox 1813 3152 1859 3197; x_wconf 87' lang='lat' dir='ltr'>le</span> <span class='ocrx_word' id='word_1_238' title='bbox 1888 3155 2049 3209; x_wconf 77' lang='lat' dir='ltr'>rivago</span> <span class='ocrx_word' id='word_1_239' title='bbox 2077 3155 2136 3198; x_wconf 79' lang='lat' dir='ltr'>ou</span> <span class='ocrx_word' id='word_1_240' title='bbox 2181 3153 2360 3197; x_wconf 85' lang='lat' dir='ltr'>souvent</span> 
     </span>
     <span class='ocr_line' id='line_1_30' title="bbox 415 3213 1965 3269; baseline 0.002 -12"><span class='ocrx_word' id='word_1_241' title='bbox 415 3216 482 3257; x_wconf 85' lang='lat' dir='ltr'>les</span> <span class='ocrx_word' id='word_1_242' title='bbox 511 3214 613 3258; x_wconf 87' lang='lat' dir='ltr'>ssots</span> <span class='ocrx_word' id='word_1_243' title='bbox 637 3214 855 3257; x_wconf 87' lang='lat' dir='ltr'>venaient</span> <span class='ocrx_word' id='word_1_244' title='bbox 882 3214 1036 3257; x_wconf 82' lang='lat' dir='ltr'>battre</span> <span class='ocrx_word' id='word_1_245' title='bbox 1054 3213 1124 3257; x_wconf 86' lang='lat' dir='ltr'>les</span> <span class='ocrx_word' id='word_1_246' title='bbox 1146 3213 1333 3258; x_wconf 75' lang='lat' dir='ltr'>falaises</span> <span class='ocrx_word' id='word_1_247' title='bbox 1353 3218 1400 3257; x_wconf 86' lang='lat' dir='ltr'>et</span> <span class='ocrx_word' id='word_1_248' title='bbox 1425 3213 1712 3269; x_wconf 87' lang='lat' dir='ltr'>interceptcr</span> <span class='ocrx_word' id='word_1_249' title='bbox 1739 3214 1786 3258; x_wconf 85' lang='lat' dir='ltr'>la</span> <span class='ocrx_word' id='word_1_250' title='bbox 1816 3221 1965 3261; x_wconf 86' lang='lat' dir='ltr'>route.</span> 
     </span>
    </p>

    <p class='ocr_par' dir='ltr' id='par_1_13' title="bbox 415 3275 2358 3383">
     <span class='ocr_line' id='line_1_31' title="bbox 469 3275 2358 3333; baseline -0.003 -13"><span class='ocrx_word' id='word_1_251' title='bbox 469 3278 540 3320; x_wconf 87' lang='lat'>18.</span> <span class='ocrx_word' id='word_1_252' title='bbox 575 3277 729 3320; x_wconf 80' lang='lat' dir='ltr'>Prima</span> <span class='ocrx_word' id='word_1_253' title='bbox 753 3276 924 3329; x_wconf 76' lang='lat' dir='ltr'>oloriae.</span> <span class='ocrx_word' id='word_1_254' title='bbox 966 3275 1168 3330; x_wconf 81' lang='lat' dir='ltr'>Adiectif</span> <span class='ocrx_word' id='word_1_255' title='bbox 1214 3281 1381 3320; x_wconf 87' lang='lat' dir='ltr'>neutre</span> <span class='ocrx_word' id='word_1_256' title='bbox 1422 3287 1532 3320; x_wconf 83' lang='lat' dir='ltr'>avec</span> <span class='ocrx_word' id='word_1_257' title='bbox 1572 3287 1637 3320; x_wconf 87' lang='lat' dir='ltr'>un</span> <span class='ocrx_word' id='word_1_258' title='bbox 1666 3275 1842 3330; x_wconf 77' lang='lat' dir='ltr'>genitif</span> <span class='ocrx_word' id='word_1_259' title='bbox 1875 3278 2072 3333; x_wconf 78' lang='lat' dir='ltr'>partitis,</span> <span class='ocrx_word' id='word_1_260' title='bbox 2101 3279 2165 3323; x_wconf 76' lang='lat' dir='ltr'>Cf.</span> <span class='ocrx_word' id='word_1_261' title='bbox 2196 3280 2264 3326; x_wconf 84' lang='lat'>111,</span> <span class='ocrx_word' id='word_1_262' title='bbox 2285 3282 2358 3322; x_wconf 80' lang='lat' dir='ltr'>vu,</span> 
     </span>
     <span class='ocr_line' id='line_1_32' title="bbox 415 3341 610 3383; baseline 0.005 -1"><span class='ocrx_word' id='word_1_263' title='bbox 415 3344 523 3383; x_wconf 85' lang='lat' dir='ltr'>note</span> <span class='ocrx_word' id='word_1_264' title='bbox 544 3341 610 3383; x_wconf 85' lang='grc'>11.</span> 
     </span>
    </p>

    <p class='ocr_par' dir='ltr' id='par_1_14' title="bbox 467 3400 1738 3455">
     <span class='ocr_line' id='line_1_33' title="bbox 467 3400 1738 3455; baseline -0.002 -8"><span class='ocrx_word' id='word_1_265' title='bbox 467 3408 538 3448; x_wconf 87' lang='grc'>19.</span> <span class='ocrx_word' id='word_1_266' title='bbox 572 3400 854 3446; x_wconf 62' lang='lat' dir='ltr'>Parricidae.</span> <span class='ocrx_word' id='word_1_267' title='bbox 889 3400 975 3455; x_wconf 58' lang='lat' dir='ltr'>cf„</span> <span class='ocrx_word' id='word_1_268' title='bbox 996 3412 1078 3444; x_wconf 86' lang='lat' dir='ltr'>sur</span> <span class='ocrx_word' id='word_1_269' title='bbox 1102 3411 1156 3444; x_wconf 85' lang='lat' dir='ltr'>ce</span> <span class='ocrx_word' id='word_1_270' title='bbox 1185 3403 1300 3450; x_wconf 85' lang='lat' dir='ltr'>mot.</span> <span class='ocrx_word' id='word_1_271' title='bbox 1327 3404 1401 3455; x_wconf 86' lang='lat'>111,</span> <span class='ocrx_word' id='word_1_272' title='bbox 1432 3412 1498 3452; x_wconf 73' lang='lat' dir='ltr'>vr.</span> <span class='ocrx_word' id='word_1_273' title='bbox 1525 3406 1634 3445; x_wconf 88' lang='lat' dir='ltr'>note</span> <span class='ocrx_word' id='word_1_274' title='bbox 1661 3404 1738 3444; x_wconf 83' lang='grc'>10.</span> 
     </span>
    </p>

    <p class='ocr_par' dir='ltr' id='par_1_15' title="bbox 463 3462 2265 3519">
     <span class='ocr_line' id='line_1_34' title="bbox 463 3462 2265 3519; baseline -0.003 -10"><span class='ocrx_word' id='word_1_275' title='bbox 463 3463 532 3509; x_wconf 79' lang='lat'>20.</span> <span class='ocrx_word' id='word_1_276' title='bbox 562 3463 742 3508; x_wconf 69' lang='lat' dir='ltr'>Nomina·</span> <span class='ocrx_word' id='word_1_277' title='bbox 767 3474 860 3516; x_wconf 73' lang='lat' dir='ltr'>suo,</span> <span class='ocrx_word' id='word_1_278' title='bbox 891 3474 916 3506; x_wconf 89' lang='lat' dir='ltr'>c</span> <span class='ocrx_word' id='word_1_279' title='bbox 920 3464 1031 3507; x_wconf 84' lang='lat' dir='ltr'>&#39;est-</span> <span class='ocrx_word' id='word_1_280' title='bbox 1035 3462 1181 3507; x_wconf 77' lang='lat' dir='ltr'>a-dire</span> <span class='ocrx_word' id='word_1_281' title='bbox 1208 3463 1385 3507; x_wconf 76' lang='lat' dir='ltr'>nomini</span> <span class='ocrx_word' id='word_1_282' title='bbox 1401 3463 1549 3517; x_wconf 69' lang='lat' dir='ltr'>uentis</span> <span class='ocrx_word' id='word_1_283' title='bbox 1571 3475 1679 3515; x_wconf 57' lang='lat' dir='ltr'>suge.</span> <span class='ocrx_word' id='word_1_284' title='bbox 1706 3476 1731 3507; x_wconf 90' lang='lat' dir='ltr'>c</span> <span class='ocrx_word' id='word_1_285' title='bbox 1734 3465 1840 3508; x_wconf 85' lang='lat' dir='ltr'>est·</span> <span class='ocrx_word' id='word_1_286' title='bbox 1824 3464 1893 3506; x_wconf 76' lang='lat' dir='ltr'>-a-</span> <span class='ocrx_word' id='word_1_287' title='bbox 1897 3463 1997 3508; x_wconf 86' lang='lat' dir='ltr'>dire</span> <span class='ocrx_word' id='word_1_288' title='bbox 2024 3464 2145 3519; x_wconf 70' lang='lat' dir='ltr'>aenei</span> <span class='ocrx_word' id='word_1_289' title='bbox 2166 3474 2265 3508; x_wconf 68' lang='lat' dir='ltr'>cuz.</span> 
     </span>
    </p>

    <p class='ocr_par' dir='ltr' id='par_1_16' title="bbox 467 3524 1757 3578">
     <span class='ocr_line' id='line_1_35' title="bbox 467 3524 1757 3578; baseline 0.002 -10"><span class='ocrx_word' id='word_1_290' title='bbox 467 3526 538 3568; x_wconf 77' lang='lat' dir='ltr'>IV.</span> <span class='ocrx_word' id='word_1_291' title='bbox 557 3548 607 3557; x_wconf 90' lang='lat'><em>—</em></span> <span class='ocrx_word' id='word_1_292' title='bbox 634 3526 674 3567; x_wconf 83' lang='lat'>1.</span> <span class='ocrx_word' id='word_1_293' title='bbox 702 3524 962 3574; x_wconf 64' lang='lat' dir='ltr'>lubentium,</span> <span class='ocrx_word' id='word_1_294' title='bbox 984 3534 1190 3577; x_wconf 82' lang='lat' dir='ltr'>engager</span> <span class='ocrx_word' id='word_1_295' title='bbox 1212 3524 1259 3568; x_wconf 73' lang='lat' dir='ltr'>a.</span> <span class='ocrx_word' id='word_1_296' title='bbox 1287 3525 1358 3569; x_wconf 82' lang='lat' dir='ltr'>cf.</span> <span class='ocrx_word' id='word_1_297' title='bbox 1379 3526 1430 3576; x_wconf 85' lang='lat' dir='ltr'>V,</span> <span class='ocrx_word' id='word_1_298' title='bbox 1457 3537 1522 3578; x_wconf 75' lang='lat' dir='ltr'>vr,</span> <span class='ocrx_word' id='word_1_299' title='bbox 1549 3531 1657 3570; x_wconf 87' lang='lat' dir='ltr'>note</span> <span class='ocrx_word' id='word_1_300' title='bbox 1687 3528 1757 3570; x_wconf 72' lang='lat'>14.</span> 
     </span>
    </p>

    <p class='ocr_par' dir='ltr' id='par_1_17' title="bbox 465 3585 2159 3640">
     <span class='ocr_line' id='line_1_36' title="bbox 465 3585 2159 3640; baseline 0.003 -12"><span class='ocrx_word' id='word_1_301' title='bbox 465 3590 512 3631; x_wconf 77' lang='lat'>2.</span> <span class='ocrx_word' id='word_1_302' title='bbox 546 3587 801 3630; x_wconf 73' lang='lat' dir='ltr'>Iubentium</span> <span class='ocrx_word' id='word_1_303' title='bbox 819 3585 1011 3629; x_wconf 75' lang='lat' dir='ltr'>duceret.</span> <span class='ocrx_word' id='word_1_304' title='bbox 1031 3587 1117 3626; x_wconf 89' lang='lat' dir='ltr'>Sur</span> <span class='ocrx_word' id='word_1_305' title='bbox 1137 3589 1260 3627; x_wconf 82' lang='lat' dir='ltr'>cette</span> <span class='ocrx_word' id='word_1_306' title='bbox 1291 3587 1633 3639; x_wconf 84' lang='lat' dir='ltr'>construction,</span> <span class='ocrx_word' id='word_1_307' title='bbox 1654 3589 1713 3632; x_wconf 79' lang='lat' dir='ltr'>cr.</span> <span class='ocrx_word' id='word_1_308' title='bbox 1745 3587 1797 3640; x_wconf 81' lang='lat' dir='ltr'>V,</span> <span class='ocrx_word' id='word_1_309' title='bbox 1823 3600 1929 3639; x_wconf 84' lang='lat' dir='ltr'>xm,</span> <span class='ocrx_word' id='word_1_310' title='bbox 1957 3594 2065 3633; x_wconf 87' lang='lat' dir='ltr'>note</span> <span class='ocrx_word' id='word_1_311' title='bbox 2091 3594 2159 3633; x_wconf 80' lang='grc'>19.</span> 
     </span>
    </p>
   </div>
   <div class='ocr_carea' id='block_1_8' title="bbox 2455 163 2457 908">
    <p class='ocr_par' dir='ltr' id='par_1_18' title="bbox 2455 163 2457 908">
     <span class='ocr_line' id='line_1_37' title="bbox 2455 163 2457 908; baseline 0 0"><span class='ocrx_word' id='word_1_312' title='bbox 2455 163 2457 908; x_wconf 95' lang='lat' dir='ltr'> </span> 
     </span>
    </p>
   </div>
   <div class='ocr_carea' id='block_1_9' title="bbox 2451 3047 2457 3088">
    <p class='ocr_par' dir='ltr' id='par_1_19' title="bbox 2451 3047 2457 3088">
     <span class='ocr_line' id='line_1_38' title="bbox 2451 3047 2457 3088; baseline 0 0"><span class='ocrx_word' id='word_1_313' title='bbox 2451 3047 2457 3088; x_wconf 70' lang='lat' dir='ltr'>l</span> 
     </span>
    </p>
   </div>
   <div class='ocr_carea' id='block_1_10' title="bbox 2454 2804 2457 3942">
    <p class='ocr_par' dir='ltr' id='par_1_20' title="bbox 2454 2804 2457 3942">
     <span class='ocr_line' id='line_1_39' title="bbox 2454 2804 2457 3942; baseline 0 0"><span class='ocrx_word' id='word_1_314' title='bbox 2454 2804 2457 3942; x_wconf 95' lang='lat' dir='ltr'> </span> 
     </span>
    </p>
   </div>
  </div>
 </body>
</html>
