2517 3975
310 364 376 418 13

308 717 374 772 14

307 985 376 1039 15

308 1338 379 1392 16

313 1606 375 1662 17

312 2053 380 2108 18

313 2142 378 2196 19

311 2408 380 2463 20

315 3114 384 3169 22

429 238 501 294 92
1194 255 1247 300 Q.
1290 255 1461 294 cun-rx
1499 257 1634 295 num

433 361 715 432 inferiora
744 363 1004 417 nondum
1033 366 1507 433 penetraverant.
1538 364 1848 419 Exstincto
1881 364 2065 436 igitur
2090 365 2240 434 igne,
2258 358 2367 428 plu-

433 451 648 504 rimum
676 449 953 506 frumenti
981 454 1284 521 repertum
1313 455 1405 507 est
1428 466 1442 505 t
1465 453 1637 523 copia
1662 453 1912 506 aliarum
1944 466 2169 521 quoque
2196 461 2366 503 rerum

431 540 734 594 abundare
773 540 1157 609 coeperunt¹⁰.
1196 539 1281 594 Ea
1312 556 1411 595 res
1439 541 1568 610 ipsa
1608 542 1780 595 militi
1820 541 1892 594 ad
1929 530 2369 610 persequendum

430 628 661 684 hostem
701 629 959 684 animum
1007 629 1268 685 incendit
1299 647 1311 683 ε
1361 631 1601 701 quippe,
1634 633 1841 684 urente
1880 632 1936 683 et
1979 628 2277 698 populante
2311 637 2368 676 eo

433 719 670 786 terram,
702 717 1099 772 festinandum
1123 721 1271 782 erat,
1293 732 1367 772 ne
1389 717 1662 772 incendio
1692 720 1900 772 cuncta
1936 715 2290 786 praeciperet.
2317 711 2369 763 In

434 806 725 860 rationem
766 821 908 878 ergo
958 807 1290 860 necessitas
1328 821 1497 861 versa
1546 809 1636 860 est
1673 824 1685 859 ε
1726 805 1945 876 quippe
1982 805 2250 868 MazaeuS,
2287 797 2371 868 qui

431 898 603 949 antea
647 908 757 964 per
792 893 976 947 otium
1017 895 1184 948 vicos
1226 893 1601 959 incenderat,
1636 893 1758 964 jam
1803 891 2015 964 fugere
2053 889 2368 947 contentus,

428 981 710 1051 pleraque
750 981 1032 1036 inviolata
1076 980 1231 1037 hosti
1277 982 1534 1051 reliquit.
1576 981 1912 1036 Alexander
1957 980 2113 1034 haud
2158 976 2373 1046 longius

431 1086 500 1124 CL
531 1068 776 1124 stadiis*
797 1070 1041 1124 Darium
1068 1087 1101 1124 a
1122 1086 1188 1125 se
1216 1070 1434 1126 abesse
1462 1074 1848 1140 compererat.
1873 1071 2097 1140 Itaque,
2121 1067 2193 1122 ad
2212 1061 2373 1125 satie-

429 1160 604 1210 tatem
644 1159 1082 1234 quoque-copia
1120 1160 1554 1214 commeatuum
1596 1159 1947 1224 instructus,
1981 1155 2296 1229 quadriduo
2323 1152 2376 1203 in

430 1246 637 1301 eedem
665 1245 795 1301 loco
827 1248 1117 1302 substitit.

502 1335 849 1406 Interceptae
890 1335 1102 1391 deinde
1134 1336 1296 1390 Darii
1339 1336 1549 1391 litterae
1582 1339 1741 1404 sunt,
1782 1336 1996 1405 quibus
2035 1333 2225 1391 Graeci
2251 1326 2380 1384 mili-
2471 1311 2472 1344 ¹

432 1426 522 1479 tes
552 1423 1021 1478 sollicitabantur
1051 1427 1112 1478 ut
1159 1438 1365 1495 regem
1395 1428 1492 1478 aut
1511 1423 1910 1479 interficerent
1940 1428 2037 1478 aut
2057 1419 2375 1495 proderent,

435 1512 841 1583 dubitavitque
887 1514 1008 1566 an¹¹
1042 1528 1145 1568 eas
1173 1530 1279 1584 pro
1318 1515 1593 1570 contione
1623 1514 1915 1582 recitaret,
1947 1514 2097 1569 satis
2144 1509 2381 1567 confisus

433 1601 776 1656 Graecorum
816 1616 1048 1671 quoque
1077 1616 1219 1674 erga
1250 1615 1317 1656 se
1343 1601 1772 1656 benevolentiae
1815 1617 1881 1655 ac
1910 1601 2076 1658 fidei.
2115 1599 2231 1656 Sed
2263 1595 2382 1649 Par-

432 1690 627 1743 menio
660 1689 964 1755 deterruit,
989 1703 1112 1742 non
1155 1705 1290 1744 esse
1327 1688 1549 1745 talibus
1574 1690 1894 1760 promissis
1925 1688 2272 1745 imbuendas
2297 1699 2385 1736 au-

434 1791 536 1831 res
564 1777 816 1830 militum
845 1775 1149 1832 affirmans
1174 1781 1410 1856 :patere
1428 1779 1526 1833 vel
1555 1777 1734 1833 unius
1761 1776 2001 1833 insidiis
2030 1791 2232 1851 regem
2262 1787 2275 1827 z
2303 1769 2383 1823 ni-

410 1862 521 1918 ‚hil
567 1863 738 1919 nefas
776 1879 912 1918 esse
960 1864 1244 1921 avaritiae.
1279 1865 1530 1921 Secutus
1560 1864 1793 1920 consilii
1819 1868 2143 1932 auctorem,
2173 1855 2385 1918 castra*

435 1953 645 2009 movit.

508 2044 626 2098 Iter
662 2041 900 2098 facienti
931 2043 1114 2114 spado
1155 2059 1187 2100 e
1225 2045 1501 2115 captivis,
1536 2044 1637 2115 qui
1678 2044 1843 2097 Darii
1880 2058 2134 2098 uxorem
2167 2037 2385 2097 comita·

435 2132 674 2200 bantur,
698 2130 949 2189 deficere
980 2148 1108 2187 eam
1128 2136 1377 2199 nuntiat,
1402 2137 1460 2188 et
1480 2133 1582 2185 vix
1605 2133 1879 2202 spiritum
1896 2132 2140 2187 ducere.
2171 2122 2385 2183 Itineris

436 2221 700 2276 continui
731 2220 933 2275 labore
955 2222 1247 2292 animique
1278 2220 1630 2293 aegritudine
1651 2219 1917 2291 fatigata,
1940 2220 2101 2278 inter
2121 2227 2324 2274 socrus
2342 2209 2391 2264 et

435 2310 737 2381 virginum
766 2308 1020 2363 filiarum
1049 2324 1263 2364 manus
1293 2309 1557 2379 collapsa
1585 2313 1729 2376 erat,
1754 2308 1964 2363 deinde
1994 2311 2052 2362 et
2070 2303 2384 2364 exstincta.

436 2398 504 2451 Id
546 2398 743 2467 ipsum
762 2398 801 2425 ¹²
837 2398 1116 2452 nuntians
1161 2397 1315 2451 alius
1358 2397 1725 2466 supervenit.
1765 2396 1838 2451 Et
1881 2413 2006 2463 rex,
2038 2394 2203 2451 haud
2236 2400 2394 2447 secus

439 2500 614 2553 quam
657 2488 707 2541 si
747 2485 1014 2555 parentis
1058 2500 1220 2539 mors
1268 2486 1539 2540 nuntiata
1580 2489 1763 2551 esset,
1794 2484 2041 2539 crebros
2092 2482 2276 2540 edidit
2308 2491 2397 2549 ge-

440 2574 641 2636 minis,
689 2574 1061 2643 lam-imisque
1103 2573 1353 2637 obortiS,
1393 2573 1641 2644 qualis¹⁸
1688 2573 1902 2628 Darius
1930 2571 2315 2644 profudisset,
2344 2565 2397 2618 in

444 2660 899 2730 tabernaculum,
944 2662 1008 2715 in
1051 2676 1167 2732 quo
1216 2664 1405 2716 mater
1445 2665 1567 2717 erat
1603 2662 1778 2729 Darii,
1819 2661 2093 2717 defuncto
2143 2658 2399 2716 assidens

440 2752 697 2821 corpori,
733 2752 910 2807 venit.
958 2751 1069 2806 Hic
1098 2766 1243 2806 vero
1290 2753 1616 2806 renovatus
1647 2754 1736 2805 est
1772 2766 2011 2822 maeror,
2041 2752 2109 2805 ut
2148 2748 2400 2821 prostra-

440 2841 558 2893 tam
585 2837 617 2865 ¹*
661 2841 817 2889 humi
859 2839 1028 2893 vidit.
1070 2840 1317 2894 Recenti
1345 2840 1499 2895 malo
1529 2839 1801 2909 priorum
1829 2853 2062 2911 quoque
2093 2835 2400 2896 admonita,

440 2933 741 2997 receperat
801 2933 858 2982 in
917 2929 1209 3002 gremium
1264 2928 1491 2983 adultas
1542 2928 1843 3001 virgines,
1904 2943 2118 3000 magna
2180 2919 2413 2998 quidem'

439 3015 627 3071 mutui
653 3014 877 3071 doloris
908 3017 1150 3085 solacia,
1182 3016 1289 3073 sed
1318 3016 1537 3089 quibus
1566 3018 1699 3086 ipsa
1728 3017 1968 3072 deberet
1995 3032 2141 3073 esse
2171 3012 2404 3076 solacio.

444 3106 514 3159 In
543 3106 860 3174 conspectu
890 3108 1015 3161 erat
1042 3121 1231 3177 nepos
1258 3104 1570 3177 parvulus,
1601 3105 1678 3160 ob
1709 3106 1769 3159 id
1797 3107 1991 3177 ipsum
2024 3101 2403 3160 miserabilia,

493 3263 565 3308 10.
603 3261 739 3317 Copia
761 3264 998 3317 ooeperunt.
1033 3262 1103 3310 cf.
1139 3266 1209 3316 111,
1232 3275 1299 3318 xx,
1330 3267 1437 3309 note
1465 3264 1507 3309 9.

496 3328 567 3369 η.
602 3324 828 3368 nabitavit
855 3336 932 3368 an.
965 3327 1003 3370 11
1024 3323 1162 3369 douta
1205 3327 1244 3370 si
1275 3336 1398 3371 ne...
1434 3336 1539 3381 pas.
1575 3326 1696 3371 C'est
1729 3326 1775 3370 la
1804 3324 2126 3372 construction
2158 3325 2404 3379 classique.

442 3387 515 3433 Cf.
539 3391 723 3441 111,v1u,
748 3394 856 3432 note
884 3389 957 3433 18.
1227 3397 1230 3402 ·

498 3448 568 3495 12.
603 3449 652 3493 Id
676 3448 838 3504 ipsum,
869 3447 1157 3494 &est-a-dire
1183 3461 1278 3493 eam
1306 3448 1572 3494 exstinctam
1602 3462 1720 3499 esse.

499 3515 572 3558 13.
605 3510 768 3565 Qualis,
788 3522 967 3556 comme
988 3510 1155 3567 quales.
1179 3511 1252 3559 Cf.
1280 3514 1353 3562 111,
1386 3522 1468 3563 ιιι,
1490 3518 1597 3557 note
1626 3513 1673 3556 4.

500 3574 573 3619 14.
606 3573 897 3618 Praetu-atam.
925 3574 971 3617 la
991 3572 1117 3617 mere
1140 3570 1198 3616 de
1223 3572 1408 3617 Darius-
