2517 3975
416 210 524 266 312
1176 229 1232 274 Q.
1275 229 1443 268 cnn‘ri
1481 229 1617 266 num

417 333 795 390 detraherent
841 333 1124 390 loricam*
1161 338 1531 407 vestemque,
1572 351 1930 392 concurrere
1964 355 1978 391 :
2030 352 2166 391 cum
2210 337 2373 392 belua

420 422 715 477 dominum
761 425 918 478 tueri
963 427 1020 477 et
1068 424 1397 494 spoliantes
1442 425 1615 494 coepit
1657 429 1959 495 appetere,
2005 425 2373 496 levatumque

421 526 644 581 corpus
673 511 809 583 ejus
833 528 1046 567 rursus
1071 512 1248 567 dorso
1276 528 1384 567 suo
1408 513 1729 581 imponere.
1750 513 1909 584 Ergo
1935 513 2110 569 telis*
2130 515 2374 584 undique

422 599 709 668 obruitur,
741 600 1139 671 confossoque
1169 617 1258 670 ee,
1288 601 1349 654 in
1376 601 1716 657 vehiculum
1745 602 1939 657 Porus
1969 602 2307 672 imponitur.

296 685 362 741 41
494 689 677 753 Quem
708 706 814 745 rex
852 694 915 745 ut
941 690 1090 745 vidit
1126 691 1477 744 allevantem
1519 691 1744 757 oculoS,
1775 707 1895 745 non
1937 690 2096 757 odi0,
2130 690 2237 745 sed
2271 691 2376 744 mi-

423 780 722 835 seratione
765 784 1094 835 commotus
1129 796 1141 834 ε
1192 800 1217 831 α
1249 782 1413 845 Quae,
1455 780 1673 833 malum
1692 780 1752 845 ⁸⁰,
1785 781 1997 852 inquit,
2038 780 2289 834 amentia
2321 783 2375 834 te

424 869 638 940 coegit,
669 885 864 923 rerum
908 884 1170 922 mearum
1211 870 1451 938 cognita
1496 867 1667 934 fama,
1698 867 1838 922 belli
1879 868 2176 922 fortunam
2215 884 2374 938 expe·

427 956 556 1020 riri,
588 973 720 1011 cum
748 956 971 1011 Taxilis
1012 960 1175 1010 esset
1211 957 1274 1010 in
1304 955 1534 1010 deditos
1561 956 1890 1011 clementiae
1930 972 2078 1011 meae
2109 961 2228 1010 tam
2252 972 2382 1027 pro-

302 1042 372 1096 42
425 1049 710 1116 pinquum
738 1045 845 1100 tihi
880 1045 1252 1115 exemplum?
1275 1067 1298 1093 ιι
1330 1044 1407 1099 At
1433 1045 1533 1099 ille
1568 1063 1580 1098 :
1617 1064 1640 1095 α
1673 1043 1983 1112 Quoniam,
2013 1046 2226 1116 inquit,
2253 1062 2380 1115 per-

428 1137 713 1202 contaris,
736 1134 1111 1204 respondebo
1134 1149 1203 1187 ea
1223 1133 1516 1201 libertate,
1536 1149 1711 1204 quam
1729 1133 2151 1204 interrogando
2180 1134 2381 1191 fecisti.

301 1218 375 1276 43
428 1225 737 1282 Neminem
770 1239 863 1277 me
895 1222 1201 1277 fortiorem
1237 1237 1371 1276 esse
1393 1222 1728 1277 censebam.
1749 1222 1912 1278 Meas
1935 1224 2099 1277 enim
2121 1239 2383 1279 noveram

428 1312 893 1379 vireS,nondum
926 1315 1205 1381 expertus
1226 1313 1398 1364 tuas:
1427 1310 1732 1366 fortiorem
1760 1328 1898 1366 esse
1932 1314 1991 1366 te
2030 1311 2172 1366 belli
2203 1312 2385 1367 docuit

428 1400 825 1459 eventus.Sed
844 1416 918 1454 ne
937 1401 1023 1454 sic
1043 1398 1280 1470 quidem
1298 1415 1506 1470 parum
1527 1400 1670 1454 felix
1692 1400 2200 1470 sum,secundus⁸¹
2220 1403 2344 1456 tibi.
2360 1424 2379 1449 ι

429 1490 665 1545 Rursus
683 1490 1082 1559 interrogatus
1112 1487 1251 1556 quid
1274 1488 1402 1556 ipse
1430 1487 1717 1541 victorem
1738 1490 2000 1542 statuere
2022 1488 2239 1544 debere
2261 1505 2385 1543 cen-

433 1582 626 1635 seret:
665 1600 687 1626 «
735 1576 902 1641 Quod
937 1575 1053 1636 hic,
1079 1576 1285 1644 inquit,
1322 1576 1449 1629 dies
1483 1576 1589 1629 tihi
1621 1575 1847 1645 suadet,
1867 1592 1984 1648 quo
2015 1585 2301 1646 expertus
2330 1593 2387 1631 es

305 1661 380 1718 44
432 1684 607 1742 quam
625 1665 841 1722 caduca
862 1664 1113 1718 felicitas
1135 1666 1322 1721 esset.
1346 1686 1368 1712 ι»
1394 1664 1536 1717 Plus
1557 1665 1848 1719 monendo
1870 1665 2324 1737 profecit,quam
2338 1667 2389 1721 si

432 1759 707 1829 precatus
729 1757 918 1809 esset:
940 1754 1156 1824 quippe
1188 1753 1652 1825 magnitudinem
1682 1754 1863 1807 animi
1887 1754 2021 1825 ejus
2044 1756 2383 1822 interritam,

437 1863 504 1901 ac
538 1861 612 1899 ne
640 1844 873 1898 fortuna
901 1841 1138 1913 quidem
1169 1840 1639 1907 infractam,non
1657 1842 2064 1897 misericordia
2079 1844 2275 1910 modo,
2294 1842 2385 1896 sed

309 1927 383 1986 45
437 1935 614 1992 etiam
645 1932 866 1987 honore
887 1931 1161 2001 excipere
1195 1929 1476 2001 dignatus
1498 1934 1588 1984 est
1602 1930 1664 1984 ⁸².
1683 1930 1943 2002 AEgrum
1972 1933 2223 2000 curavit,
2248 1929 2384 1986 haud

437 2040 613 2080 secus
627 2037 802 2094 quam
830 2021 884 2075 si
911 2036 1018 2091 pro
1040 2021 1174 2089 ipso
1194 2022 1519 2091 pugnasset
1541 2034 1553 2072 :
1578 2019 1989 2074 confirmatum
2005 2024 2211 2075 contra
2228 2034 2379 2090 spem

439 2113 700 2169 omnium
723 2110 786 2163 in
813 2113 1133 2164 amicorum
1150 2124 1463 2163 numerum
1477 2109 1719 2179 recepit,
1743 2124 1883 2163 mox
1900 2109 2143 2165 donavit
2162 2109 2383 2179 amplio-
2471 2132 2472 2151 2

316 2197 386 2252 46
439 2219 504 2260 re
523 2216 736 2272 regnO,
755 2214 930 2270 quam
944 2196 1288 2252 tenuit.Nec
1304 2212 1449 2253 sane
1469 2196 1781 2268 quicquam
1810 2196 2115 2270 ingenium
2141 2198 2273 2267 ejus
2301 2210 2385 2249 so·

441 2292 622 2346 lidius
652 2295 751 2344 aut
777 2287 1145 2343 constantius
1174 2286 1382 2341 habuit
1406 2301 1582 2357 quam
1614 2286 2061 2343 admirationem
2089 2302 2244 2342 verae
2270 2284 2383 2338 lau-

443 2380 536 2434 dis
567 2382 623 2435 et
650 2378 857 2451 gloriae
893 2392 906 2430 ;
954 2375 1282 2446 simplicius
1311 2377 1506 2428 tamen
1536 2373 1747 2428 famam
1777 2376 2111 2431 aestimabat
2144 2378 2200 2428 in
2231 2374 2383 2426 hoste

446 2483 621 2540 quam
650 2468 712 2521 in
740 2467 897 2521 cive.
926 2464 1154 2535 Quippe
1194 2479 1225 2516 a
1257 2464 1386 2517 suis
1417 2463 1692 2517 credebat
1716 2464 2196 2534 magnitudimem
2223 2474 2381 2514 suam

447 2554 674 2612 destrui
700 2570 901 2625 posse,
923 2553 1171 2608 eandem
1189 2551 1230 2579 ⁸⁸
1260 2550 1570 2606 clariorem
1590 2551 1633 2578 ⁸⁸
1654 2551 1802 2618 fore,
1827 2567 1945 2622 quo
1975 2553 2223 2624 majores
2247 2547 2380 2600 fuis·

448 2650 581 2702 sent
609 2659 759 2715 quos
784 2643 918 2714 ipse
957 2640 1221 2695 vicisset.

502 2820 576 2865 ³0.
610 2818 792 2873 Malum,
820 2814 1150 2862 malheureuxi
1178 2814 1491 2859 Exclamation
1521 2814 1585 2859 du
1612 2816 1810 2870 langage
1837 2815 2056 2860 familiar.

504 2885 578 2927 31.
611 2881 854 2926 Secundus.
886 2879 959 2924 Cf.
987 2882 1038 2933 V,
1062 2890 1107 2930 x,
1126 2882 1234 2920 note
1255 2881 1303 2920 4.

507 2945 581 2988 32.
614 2943 938 2998 viennensem.
966 2941 1040 2985 cr.
1067 2943 1138 2994 VI,
1166 2942 1217 2994 V,
1240 2943 1349 2982 note
1371 2940 1448 2984 ³8.

506 3009 580 3051 33.
613 3004 823 3049 Eandem.
859 3003 930 3048 Cf.
954 3006 1024 3057 vl,
1046 3014 1097 3054 ιι,
1117 3006 1227 3045 note
1245 3004 1320 3045 31.

509 3069 584 3110 34.
616 3064 858 3109 Glorior-em
883 3065 992 3118 fore,
1022 3073 1123 3118 quo.
1146 3060 1320 3116 Ellipse
1343 3059 1400 3105 de
1423 3072 1475 3106 eo
1503 3061 1674 3107 devant
1699 3060 1956 3109 clariorem.
