2517 3975
251 492 319 547 15

251 847 320 904 16

252 938 319 992 17

250 1557 319 1614 18

255 2094 323 2150 19

256 2713 327 2770 20

375 184 481 241 836
1133 201 1187 245 Q·
1230 200 1401 239 cmm
1438 202 1573 240 nur-1

375 323 550 381 quam
580 304 891 377 indignius
922 307 1013 360 est
1042 321 1215 376 quam
1244 307 1517 363 consumi
1544 322 1688 375 eam,
1724 306 1826 360 ubi
1851 322 1977 361 non
2016 306 2197 376 possit
2231 321 2311 361 os-

375 396 557 452 tendi.
594 419 616 443 n

447 482 665 539 Eadem
694 481 817 537 fere
848 481 1205 538 Ptolemaeus
1233 486 1291 539 et
1317 484 1533 539 similia
1559 483 1655 539 his
1684 483 1883 538 ceteri.
1919 481 2167 553 Jamque
2194 498 2316 537 con—

373 573 529 628 fusis
574 571 826 627 vocibus
872 571 1082 627 flentes
1131 586 1266 627 eum
1315 573 1582 641 orabant,
1635 575 1697 626 ut
1741 573 1975 626 tandem
2023 574 2314 626 exsatiatus

374 661 535 717 laudi
577 661 817 716 modum
859 660 1097 729 faceret,
1139 676 1207 715 ac
1249 662 1427 716 saluti
1470 678 1616 730 suae,
1660 661 1720 715 id
1768 664 1855 716 est
1898 661 2170 730 publicae,
2206 676 2315 730 pai·-

375 752 557 807 cerat.

446 840 622 896 Grata
649 841 774 895 erat
799 840 932 911 regi
959 840 1148 910 pietas
1179 840 1520 895 amicorum.
1546 841 1770 911 Itaque,
1805 839 2083 910 singulos
2099 838 2317 893 familia-

375 930 504 986 rius
552 929 877 999 amplexuS‚
928 928 1236 984 considere
1265 929 1452 1000 jubet.
1486 929 1802 996 Altiusque
1848 943 2125 981 sermone
2170 942 2318 996 repe-

374 1018 479 1074 tito
513 1034 526 1073 2
565 1036 590 1069 α
622 1016 807 1071 Vobis
844 1017 1105 1088 quidem,
1145 1017 1358 1089 inquit,
1401 1033 1434 1073 o
1480 1017 1754 1071 fidissimi
1789 1016 2170 1087 piissimique
2187 1016 2224 1043 ¹⁴
2249 1015 2320 1068 ci-

374 1105 536 1159 vium
565 1107 735 1173 atque
757 1105 1103 1170 amicorum,
1136 1109 1340 1177 grates
1379 1121 1490 1176 ago
1530 1104 1854 1175 habeoque,
1886 1120 2010 1158 non
2049 1102 2237 1158 solum
2263 1116 2319 1156 eo

372 1192 626 1258 nomine,
660 1192 815 1262 quod
856 1193 1026 1249 hodie
1072 1194 1323 1249 salutem
1359 1210 1551 1249 meam
1578 1197 1795 1248 vestrae
1832 1193 2201 1263 praeponitiS,
2233 1191 2320 1245 sed

374 1281 535 1354 quod
591 1297 625 1336 a
679 1281 1024 1352 primordiis
1078 1282 1217 1338 belli
1272 1283 1502 1338 nullum
1563 1298 1703 1354 erga
1757 1298 1850 1337 mc
1909 1281 2320 1337 benevolentiae

373 1370 595 1442 pignus
640 1374 813 1443 atque
861 1371 1145 1425 indicium
1183 1372 1496 1442 omisistis,
1537 1372 1682 1426 adeo
1721 1374 1786 1424 ut
1822 1370 2216 1426 confitendum
2258 1369 2322 1422 sit

376 1474 694 1531 numquam
731 1459 877 1515 mihi
907 1460 1086 1514 vitam
1117 1475 1309 1514 meam
1346 1459 1536 1515 fuisse
1573 1462 1693 1513 tam
1735 1474 1952 1525 caram,
1987 1474 2162 1528 quam
2205 1470 2321 1511 esse

378 1548 573 1618 coepit,
616 1550 680 1602 ut
706 1548 883 1603 vobis
930 1548 1031 1601 diu
1078 1546 1198 1602 frui
1238 1549 1486 1618 possim.
1521 1548 1793 1602 Ceterum
1842 1562 1959 1600 non
2008 1546 2207 1601 eadem
2248 1545 2322 1598 est

376 1636 653 1707 cogitatio
705 1651 929 1703 eorum,
972 1635 1072 1706 qui
1116 1652 1225 1706 pro
1265 1652 1357 1691 me
1393 1636 1547 1691 mori
1585 1638 1789 1704 optant
1810 1635 1865 1700 ¹⁸,
1908 1637 1963 1688 et
2001 1649 2150 1701 mea,
2178 1632 2269 1702 qui
2291 1630 2321 1657 ¹⁸

376 1724 613 1797 quidem
663 1726 814 1779 hanc
849 1724 1322 1780 benevolentiam
1359 1727 1620 1781 vestram
1655 1724 1868 1778 virtute
1909 1723 2201 1776 meruisse
2242 1734 2317 1774 me

371 1813 598 1885 judico.
620 1814 745 1869 Vos
788 1814 943 1870 enim
984 1815 1323 1869 diuturnum
1352 1813 1604 1868 fructum
1633 1827 1709 1865 ex
1736 1827 1852 1879 me,
1884 1810 2142 1866 forsitan
2171 1810 2317 1865 etiam

380 1905 733 1975 perpetuum
769 1903 1079 1974 percipere
1117 1903 1366 1973 cupiatis
1401 1921 1413 1956 ε
1451 1918 1558 1974 ego
1599 1917 1692 1956 me
1740 1901 1949 1955 metior
1995 1916 2116 1954 non
2155 1898 2316 1953 aetatis

381 1993 595 2062 spatio,
627 1992 733 2047 sed
765 1994 993 2066 gloriae.

453 2103 476 2130 «
502 2080 711 2150 Licuit,
735 2082 1001 2152 paternis
1022 2083 1237 2153 opibus
1258 2083 1553 2152 contento,
1585 2080 1737 2134 intra
1764 2079 2129 2134 Macedoniae
2148 2075 2319 2134 termi-

377 2186 493 2226 nos
522 2184 631 2240 per
659 2172 841 2225 otium
880 2171 1149 2241 corporis
1186 2174 1534 2242 exspectare
1570 2168 1883 2224 obscuram
1923 2172 1979 2222 et
2019 2165 2317 2239 ignobilem

380 2262 763 2328 senectutem,
796 2275 1145 2331 quamquam
1174 2274 1248 2314 ne
1276 2260 1439 2331 pigri
1467 2258 1704 2330 quidem
1732 2256 1849 2311 sibi
1864 2255 1980 2311 fata
2003 2254 2317 2327 disponunt,

379 2348 489 2404 sed
518 2350 759 2403 unicum
782 2350 1002 2404 bonum
1023 2348 1360 2404 diuturnam
1380 2347 1559 2402 vitam
1581 2347 1988 2402 existimantes
2010 2358 2172 2415 saepe
2190 2355 2320 2398 acer·

380 2437 459 2492 ba
491 2453 661 2495 mors
700 2441 965 2508 occupat.
1008 2437 1226 2493 Verum
1281 2452 1413 2509 ego,
1454 2437 1556 2507 qui
1603 2451 1726 2489 non
1777 2449 1967 2489 annos
2016 2449 2198 2499 meos,
2235 2426 2323 2484 sed

379 2525 664 2581 victorias
716 2541 985 2591 numero,
1027 2526 1081 2579 si
1118 2539 1367 2581 munera
1412 2523 1663 2579 fortunae
1710 2523 1860 2577 bene
1909 2523 2203 2597 computo,
2240 2516 2322 2569 diu

381 2613 527 2670 vixi.

457 2726 480 2752 «
514 2703 700 2760 Orsus
727 2720 761 2758 a
788 2701 1735 2774 Macedonia‚imperiumGraeciae
1759 2703 1949 2767 tene0,
1975 2694 2321 2754 Thraciamet

438 2906 508 2951 14.
542 2907 805 2952 Piiesimus.
840 2909 901 2951 Ce
929 2906 1176 2962 superlatir
1199 2902 1410 2960 employe
1439 2914 1522 2959 par
1543 2903 1740 2946 Antoine
1768 2907 1841 2945 est
1860 2900 2011 2945 blame
2048 2912 2130 2955 par
2157 2896 2321 2942 ciceron

383 2968 521 3021 (Phil.
560 2972 672 3026 xlll,
692 2982 793 3023 xix,
824 2971 912 3024 43).
935 2970 997 3012 Tu
1018 2980 1147 3025 porro
1175 2980 1228 3012 ne
1251 2969 1354 3022 pios
1373 2967 1560 3021 quidem,
1582 2965 1660 3008 sed
1689 2964 1919 3020 piissimos
1963 2964 2137 3018 quaeriae,
2169 2964 2211 3004 et
2229 2951 2322 3013 qvod

385 3031 562 3074 verbum
600 3034 771 3076 omnino
796 3034 967 3076 nullum
991 3032 1039 3075 in
1073 3032 1223 3085 linqua
1251 3030 1395 3074 latina
1420 3032 1506 3082 eat,
1534 3028 1581 3072 id
1596 3030 1781 3083 propter
1799 3030 1914 3070 tuam
1930 3025 2126 3069 divinam
2135 3023 2321 3090 pietaten

383 3104 537 3136 novum
557 3093 748 3140 inducie.
764 3118 817 3127 —
833 3099 955 3138 Dans
976 3096 1022 3136 la
1045 3093 1230 3149 periodo
1251 3092 1533 3147 posterieure
1553 3089 1581 3133 a
1601 3090 1810 3145 l'epoque
1839 3087 2094 3143 classique,
2114 3087 2144 3130 il
2161 3081 2319 3128 devient

383 3153 602 3209 frequent
631 3165 642 3198 ε
688 3159 856 3202 senec.
893 3156 1098 3202 Controv.
1125 3159 1193 3211 lv,
1213 3156 1285 3200 37.
1308 3177 1358 3186 —-
1388 3157 1551 3198 senec.
1579 3151 1753 3196 Gon-eol.
1795 3151 1851 3194 ad
1874 3151 2027 3204 Polyb.
2056 3149 2128 3193 26.
2156 3168 2208 3179 —
2231 3146 2316 3186 '1⁸³⁶-

382 3216 493 3271 Ayr.
526 3215 600 3262 43.
635 3240 685 3249 —
715 3219 866 3274 Flora,
895 3223 964 3268 lv,
990 3220 1032 3270 7,
1060 3222 1135 3262 etc
1145 3249 1264 3266 .....
1294 3240 1350 3250 -
1378 3219 1473 3260 DJ!
1516 3215 1538 3270 Η
1579 3217 1763 3258 IVLIAE
1809 3215 2074 3256 PVSINNAE
2123 3211 2144 3265 ΙΙ
2185 3202 2317 3250 vxofll

385 3280 709 3321 KARISSIMAE
761 3280 783 3333 ΙΙ
834 3283 903 3323 AC
933 3282 1161 3323 PVDICAE
1189 3282 1456 3325 PHSSIMAE
1507 3279 1529 3333 ΙΙ
1587 3278 1726 3328 QVAE
1774 3278 1915 3319 lerr
1958 3278 2082 3318 ANN.
2124 3270 2249 3315 xvln.
2286 3262 2305 3317 ΙΙ

385 3340 577 3450 υιεΒῖἒ
619 3342 694 3439 ιιιιιι
744 3341 768 3391 ιι
830 3345 876 3383 r.
921 3343 1129 3385 Acmvs
1170 3343 1412 3386 'rnAsEvs
1456 3341 1477 3396 ιι
1522 3341 1748 3382 mamma
1785 3337 2050 3381 cAmssm.
2087 3333 2248 3379 mm.
2284 3325 2305 3377 ΙΙ

382 3400 497 3441 Μ).
576 3408 624 3439 re
665 3398 834 3452 i,418).

440 3461 505 3499 ιδ.
538 3456 651 3525 nor-2·
680 3461 851 3510 optant.
878 3463 965 3503 Sur
988 3461 1225 3514 l’infinitir,
1247 3466 1307 3508 cr.
1333 3468 1382 3517 v,
1409 3475 1495 3516 ιιι,
1524 3467 1630 3506 note
1656 3462 1698 3506 9.

437 3517 511 3561 16.
547 3516 631 3567 Qut
651 3527 703 3559 se
734 3527 950 3573 rapporte
980 3522 1006 3564 a
1025 3524 1156 3568 l'idee
1175 3526 1232 3569 de
1252 3527 1339 3569 mei
1358 3531 1587 3570 contenue
1611 3525 1727 3569 dans
1754 3535 1862 3568 mea.
