2517 3975
699 257 1093 297 msromAnuu
1129 255 1469 296 AnnxAunm
1505 258 1583 307 w,
1624 258 1727 296 xv.
2048 236 2052 241 ’
2098 241 2202 296 113

243 381 350 437 que
377 365 708 435 periculum
729 366 790 420 in
811 362 1003 422 medio
1031 365 1271 419 haerens
1302 364 1545 437 adisset,
1577 365 1642 418 ni
1669 364 1903 435 equites
1932 364 2199 437 Agriani,

241 455 568 510 calcaribus
596 455 872 517 subditis,
903 453 1300 509 circumfusos
1320 455 1446 526 regi
1469 453 1759 509 barbaros
1789 453 1981 508 adorti
2001 459 2204 511 essent

237 559 601 613 aversosque
629 542 940 598 caedendo⁹
970 543 1032 597 in
1060 558 1127 597 se
1158 542 1392 596 obverti
1412 541 2052 612 coegissent.Turbata
2076 545 2204 599 erat

239 640 484 703 utraque
516 633 705 686 acies0
739 630 1078 686 Alexander
1108 635 1166 686 et
1193 647 1226 684 a
1254 631 1447 685 fronte
1478 636 1535 685 et
1563 647 1596 684 a
1626 633 1799 701 tergo
1830 629 2065 685 hostem
2096 631 2203 686 ha-

237 720 433 775 bebat.
461 717 572 783 Qui
603 735 813 774 averso
853 720 910 773 ei
953 719 1274 786 instabant,
1315 720 1389 773 ab
1427 718 1712 790 Agrianis
1742 718 2041 789 equitibus
2069 734 2204 790 pre-

239 809 553 865 mebantur
568 822 580 861 :
594 807 913 873 Bactriani,
929 807 1373 878 impedimentis
1389 807 1652 861 hostium
1666 805 1936 876 direptis,
1952 807 2201 876 reversi,

240 898 486 952 ordines
512 908 662 951 mos
685 912 1038 967 recuperare
1068 912 1189 951 non
1218 900 1531 966 poterant:
1555 896 1724 965 plura
1755 894 1931 950 simul
1954 895 2204 966 abrupta

240 1001 273 1040 a
300 986 524 1040 ceteris
553 984 806 1055 agmina,
846 985 1202 1055 ubicumque
1239 985 1414 1039 alium
1451 984 1553 1038 alii
1588 983 1714 1040 fors
1754 984 2084 1050 miscuerat,
2118 984 2206 1037 di-

239 1074 558 1128 micabant.

248 1162 446 1237 {Duo
491 1176 691 1234 reges,
718 1161 945 1233 junctis
995 1177 1182 1231 prope
1220 1162 1587 1233 agminibus,
1615 1161 1889 1232 proelium
1930 1160 2210 1215 accende-

237 1256 393 1306 rant.
429 1251 642 1306 Plures
670 1252 870 1307 Persae
901 1252 1205 1321 cadebant,
1252 1267 1361 1322 par
1388 1250 1576 1306 ferme
1604 1250 1897 1321 utrimque
1924 1263 2209 1304 numerus

235 1340 684 1394 vulnerabatur.
735 1338 927 1394 Curru
971 1340 1209 1409 Darius,
1263 1339 1600 1394 Alexander
1637 1353 1788 1409 equo
1831 1337 2205 1392 vehebatur:

235 1431 562 1497 utrumque
589 1427 794 1484 delecti
822 1428 1141 1484 tuebantur
1169 1429 1268 1483 sui
1296 1429 1701 1493 immemores,
1721 1426 1960 1497 quippe,
1983 1426 2210 1480 amisso

237 1532 406 1588 rege,
439 1531 547 1571 nec
575 1516 852 1572 volebant
878 1517 1030 1572 salvi
1061 1499 1200 1572 ess'e
1240 1532 1350 1572 nec
1380 1518 1671 1586 poterant.
1708 1516 1852 1570 Ante
1882 1513 2087 1569 oculos
2115 1512 2213 1567 sui

218 1606 499 1676 quisque
529 1603 690 1677 regis
719 1606 967 1659 mortem
998 1604 1350 1660 occumbere
1381 1604 1629 1659 ducebat
1658 1603 1992 1675 egregium.
2025 1600 2212 1655 Maxi-

239 1708 407 1748 mum
450 1695 643 1747 tamen
679 1693 1008 1764 periculum
1061 1693 1322 1759 adibant,
1354 1708 1518 1765 quos
1553 1692 1809 1746 maxime
1844 1690 2162 1746 tuebantur
2195 1706 2209 1742 ε

241 1782 467 1852 quippe
495 1782 613 1836 sibi
641 1782 893 1853 quisque
924 1781 1062 1837 caesi
1089 1782 1258 1854 regis
1276 1782 1318 1810 ¹⁰
1347 1782 1659 1853 expetebat
1688 1781 1885 1835 decus.
1918 1778 2209 1845 Ceterum,

243 1870 378 1927 sive
410 1866 565 1925 illud
599 1870 917 1925 ludibrium
967 1872 1276 1926 oculorum
1323 1871 1453 1925 sive
1500 1886 1644 1925 vera
1681 1870 1909 1939 species
1949 1869 2079 1937 fuit,
2111 1866 2213 1939 qui

245 1959 404 2015 circa
433 1959 831 2020 Alexandrum
860 1958 1048 2030 erant,
1079 1960 1306 2015 vidisse
1346 1976 1413 2016 se
1437 1959 1819 2015 crediderunt
1844 1957 2086 2029 paulum
2114 1972 2213 2012 su-

242 2065 355 2121 per
383 2052 559 2120 caput
585 2050 750 2120 regis
781 2051 1010 2120 placide
1039 2050 1340 2106 volantem
1369 2050 1646 2121 aquilam,
1678 2064 1801 2104 non
1830 2063 1983 2103 sono
2012 2060 2211 2102 armo-

247 2155 400 2206 rum,
426 2153 549 2192 non
573 2138 800 2209 gemitu
828 2138 1202 2194 morientium
1232 2138 1502 2193 territam
1535 2154 1548 2192 ε
1583 2136 1801 2206 diuque
1819 2135 1975 2190 circa
1996 2148 2213 2204 equum

244 2226 574 2282 Alexandri
609 2227 890 2297 pendenti
934 2228 1147 2306 magis,
1182 2242 1358 2298 quam
1400 2226 1627 2281 volanti
1663 2224 1876 2280 similis
1922 2222 2212 2293 apparuit.

243 2314 420 2372 Certe
449 2315 947 2371 vates*Aristand
1028 2357 1041 2382 ‚
1063 2316 1195 2370 alba
1225 2316 1392 2370 veste
1421 2314 1685 2379 indutus,
1706 2316 1763 2368 et
1785 2313 1986 2367 dextra
2010 2311 2216 2381 praefe-

238 2417 393 2459 rens
421 2403 704 2471 lauream,
737 2307 1039 2483 militihg,
1063 2404 1126 2457 in
1155 2418 1415 2475 pugnam
1444 2402 1690 2457 intentis
1714 2416 1886 2462 avem
1915 2403 2216 2455 monstra-

241 2491 365 2553 bat,
385 2492 540 2546 haud
562 2492 806 2547 dubium
828 2492 1091 2551 victoria}
1120 2490 1506 2562 auspicium*.
1531 2490 1754 2563 Ingens
1775 2504 1917 2562 ergo
1940 2488 2213 2545 alacritas

244 2584 302 2636 et
349 2580 568 2636 fiducia
608 2581 786 2652 paulo
826 2583 961 2636 ante
999 2581 1241 2636 territos
1273 2579 1539 2635 accendit
1580 2579 1654 2633 ad
1701 2592 1986 2649 pugnam,
2015 2578 2214 2649 utique

241 2673 562 2740 postquam
593 2670 803 2739 auriga
832 2669 1017 2740 Darii,
1050 2669 1152 2739 qui
1182 2671 1318 2724 ante
1347 2669 1540 2738 ipsum
1578 2669 1796 2723 sedens
1821 2682 2011 2739 equos
2039 2681 2217 2739 rege-

243 2757 366 2824 bat,
391 2757 562 2813 basta
581 2759 916 2813 *tranfixus
947 2757 1215 2826 estatNec
1243 2760 1343 2812 aut
1371 2757 1574 2812 Persae
1601 2759 1700 2810 aut
1723 2755 2075 2811 Macedones
2102 2756 2214 2809 du-

244 2846 515 2902 bilavere
543 2848 686 2918 quin
722 2848 853 2918 ipse
894 2863 1003 2901 rex
1033 2849 1192 2902 esset
1223 2847 1479 2902 occisus.
1524 2844 1684 2918 Ergo
1727 2844 1966 2918 lugubri
1992 2844 2216 2900 ululatu

247 2936 304 2987 et
344 2934 641 2989 incondito
689 2935 945 2989 clamore
992 2935 1333 3006 gemituque
1380 2936 1562 2988 totam
1609 2933 1735 2988 fere
1788 2934 1976 2988 aciem
2027 2932 2217 2987 adhuc

248 3038 420 3093 aequo
451 3024 635 3077 Marte
664 3026 1050 3095 pugnantium
1071 3024 1109 3051 ¹¹
1143 3023 1458 3077 turbavere
1489 3021 1761 3094 cognati*
1782 3021 1942 3077 Darii
1962 3025 2020 3077 et
2040 3020 2217 3076 armi-

246 3113 421 3183 geri*
454 3130 468 3166 :
501 3113 832 3183 laevumque
860 3129 1046 3168 cornu
1074 3114 1135 3166 in
1170 3110 1664 3183 fugameffusum
1697 3110 2047 3167 destituerat
2085 3126 2217 3165 cur·

244 3215 404 3267 rum,
433 3217 609 3273 quem
646 3218 679 3256 a
718 3201 923 3256 dextra
963 3203 1130 3271 parte
1167 3200 1370 3272 stipati
1418 3202 1481 3255 in
1519 3199 1780 3256 medium
1809 3215 2023 3272 agmen
2053 3213 2217 3254 rece-

246 3292 488 3358 perunt.

297 3457 349 3500 9.
385 3455 594 3502 credendo
621 3456 728 3512 (eos)
745 3468 940 3510 aversos,
970 3456 1251 3502 &est-a-dire
1279 3467 1339 3500 en
1359 3455 1551 3502 tondant
1580 3466 1663 3501 sur
1691 3466 1787 3501 eux
1814 3466 1895 3511 par
1925 3449 2143 3498 derriere.

302 3520 376 3564 10.
414 3519 526 3564 Gaesi
552 3520 692 3574 reaia.
720 3520 792 3568 Cf.
827 3524 901 3575 111,
920 3532 970 3573 n,
992 3525 1099 3565 note
1125 3519 1200 3564 26.

300 3578 378 3623 11.
410 3580 724 3635 Puonantium.
757 3583 988 3627 Entendez
1016 3581 1314 3637 Puqnantium
1341 3580 1599 3626 Persarum.

2259 631 2328 686 22

2264 1166 2336 1221 23

2267 1343 2335 1397 24

2266 1787 2339 1841 26

2269 2321 2339 2375 27

2267 2498 2339 2554 28

2271 2850 2343 2906 29
