2517 3975
199 305 231 356 ct

167 1725 234 1779 10

289 184 358 237 50
1045 203 1096 246 Q.
1141 203 1311 240 cunm
1350 202 1487 239 Ruri

286 307 526 361 Novum
554 309 864 377 imperium
895 308 1050 380 Syri,
1084 311 1344 364 nondum
1373 310 1515 363 belli
1544 309 1815 362 cladibus
1846 307 1995 361 satis
2023 305 2253 370 domiti,

289 395 763 465 aspernabantur
806 411 817 449 :
869 398 975 452 sed
1015 399 1286 452 celeriter
1324 398 1555 452 subacti
1594 397 1938 451 obedienter
1973 396 2257 465 imperata

286 483 570 537 fecerunt.
612 485 885 539 Aradus⁴
926 501 1158 557 quoque
1196 488 1392 540 insula
1435 486 1669 540 deditur
1706 484 1859 555 regi.
1900 484 2259 537 Maritimam

284 575 411 625 tum
453 587 618 626 oram
656 577 713 627 et
748 574 1029 643 pleraque
1063 575 1306 647 longius
1338 575 1513 629 etiam
1547 592 1579 628 a
1609 574 1759 627 mari
1789 573 2124 627 recedentia
2154 588 2261 626 rex

287 660 421 731 ejus
442 660 652 714 insulae
673 662 867 717 Strato
901 663 1244 734 possidebat
1269 682 1280 717 :
1307 679 1421 732 quo
1445 665 1512 717 in
1528 662 1703 717 fidem
1732 665 1993 732 accepte,
2018 663 2217 713 castra
2239 660 2260 680 *

286 749 475 803 movit
503 748 573 802 ad
602 750 810 805 urbem
841 751 1151 805 Marathon
1170 753 1217 807 ⁸.

358 837 446 891 Ibi
496 838 583 892 illi
620 839 829 893 litterae
881 856 913 892 a
956 840 1178 893 Dario⁰
1218 840 1566 909 redduntur,
1619 840 1837 909 quibus
1885 841 1948 892 ut
1996 837 2261 907 superbe

288 927 529 997 scriptis
576 927 957 982 vehementer
1004 928 1271 983 offensus
1326 932 1415 983 est
1460 943 1471 981 :
1525 928 1818 999 praecipue
1866 943 1999 981 eum
2044 927 2257 994 movit,

288 1015 447 1086 quod
488 1014 702 1068 Darius
761 1017 877 1069 sibi
925 1017 1093 1087 regis
1137 1015 1395 1083 titulum,
1439 1032 1551 1070 nec
1594 1016 1845 1071 eundem
1874 1016 1890 1041 ⁷
1935 1014 2260 1067 Alexandri

289 1103 514 1158 nomini
552 1103 1021 1174 adscripse1·at⁸.
1048 1091 1411 1159 'Postulabat
1454 1107 1647 1158 autem
1698 1105 1895 1175 magis
1933 1118 2107 1171 quam
2147 1117 2259 1172 pe-

288 1192 465 1260 tebat,
497 1195 560 1244 ut
601 1197 836 1263 accepta
873 1195 1141 1263 pecunia,
1178 1202 1711 1264 quantamcumque
1750 1196 1874 1246 tota
1915 1190 2258 1245 Macedonia

289 1283 543 1349 caperet,
584 1283 829 1335 matrem
867 1282 982 1336 sibi
1021 1286 1077 1337 et
1116 1282 1437 1353 conjugem
1477 1281 1857 1350 liberosque⁹
1895 1280 2255 1333 restitueret.

288 1367 373 1421 De
411 1382 622 1438 regno,
665 1384 855 1438 aequo,
901 1370 954 1422 si
998 1370 1194 1436 vellet,
1232 1371 1414 1424 Marte
1456 1370 1859 1424 contenderet.
1907 1366 1969 1421 Si
2018 1368 2262 1421 saniora

290 1456 539 1510 consilia
591 1458 824 1511 tandem
862 1459 984 1528 pati
1021 1459 1345 1529 potuisset,
1393 1461 1705 1513 contentus
1752 1458 1975 1527 patrie,
2023 1456 2258 1511 cederet

291 1543 467 1598 alieni
514 1547 749 1615 imperii
795 1545 1034 1617 finibuS‚
1081 1547 1282 1601 socius
1328 1548 1675 1617 amicusque
1714 1549 1896 1601 esset.
1933 1546 2001 1598 In
2041 1545 2159 1600 ea¹⁰
2190 1562 2259 1599 se

289 1632 464 1686 fidem
497 1636 551 1687 et
581 1634 719 1688 dare
750 1637 1021 1702 paratum
1046 1638 1103 1689 et
1133 1636 1421 1704 accipere.

361 1720 574 1775 Contra
621 1721 952 1776 Alexander
999 1724 1063 1777 in
1110 1724 1265 1777 hunc
1312 1726 1566 1779 maxime
1612 1725 1848 1781 modum
1897 1724 2257 1792 rescripsit:

294 1832 316 1872 (ι
352 1809 482 1862 Rex
509 1809 842 1864 Alexander
878 1810 1051 1865 Dario
1096 1812 1156 1866 S.
1192 1811 1380 1883 Cujus
1422 1829 1637 1867 nomen
1676 1812 2005 1881 sumpsisti,
2046 1812 2261 1864 Darius

290 1900 534 1955 Graecos
558 1898 616 1967 ¹¹,
651 1900 753 1970 qui
798 1914 962 1953 oram
1003 1900 1378 1970 Hellesponti
1420 1904 1643 1969 tenent,
1680 1901 2062 1970 coloniasque
2099 1899 2261 1953 Grae-

342 2092 386 2131 4.
421 2087 612 2131 Aradus.
646 2087 830 2142 Aradus,
860 2087 904 2130 le
933 2088 1152 2133 moderno
1182 2088 1320 2142 Runa,
1357 2087 1507 2132 ecueil
1546 2087 1602 2131 de
1627 2089 1710 2131 800
1737 2086 1911 2130 metres
1942 2086 1997 2129 de
2025 2087 2148 2140 long,
2181 2096 2263 2129 sur

290 2160 381 2193 une
430 2149 622 2204 largeur
649 2150 708 2192 de
750 2150 835 2195 500
877 2149 1072 2202 metros,
1118 2152 1245 2195 avait
1290 2150 1366 2194 ete
1394 2158 1444 2194 et.
1488 2150 1604 2193 etait
1627 2160 1797 2193 encore
1834 2150 1880 2191 13
1908 2148 2112 2201 capitale
2152 2148 2270 2192 d'un.

289 2222 506 2266 royaume
531 2212 791 2257 s'etendant
821 2225 902 2256 sur
929 2217 1058 2257 toute
1088 2215 1132 2256 13
1154 2213 1307 2256 vallee
1335 2214 1392 2257 de
1422 2213 1623 2256 l'Oronte
1640 2224 1654 2265 ς
1672 2211 1846 2254 cettlot
1867 2212 2018 2254 existe
2034 2209 2266 2265 toujours,

288 2284 487 2328 presque
506 2276 633 2319 aussi
652 2274 890 2329 populeux
910 2278 1082 2329 qu’aux
1111 2281 1258 2328 temps
1287 2275 1342 2318 de
1372 2287 1424 2317 53
1445 2274 1591 2328 gleire
1610 2273 1801 2326 (Rectus,
1831 2276 1899 2324 lx,
1923 2272 2046 2325 770).

340 2342 386 2381 ὅ.
421 2337 668 2380 Marathon.
690 2337 937 2386 Marathu3‚
969 2347 1051 2379 sur
1077 2337 1123 2379 le
1152 2336 1409 2390 continent,
1426 2348 1482 2380 en
1509 2337 1610 2379 sace
1631 2335 1687 2378 de
1710 2334 1810 2378 l'ile
1824 2334 2061 2387 d’Aradus‚
2082 2333 2158 2378 fut
2169 2346 2264 2378 une

289 2399 373 2444 des
394 2398 528 2441 villes
554 2399 861 2452 importantes
888 2397 947 2442 de
975 2401 1020 2442 la
1051 2399 1290 2442 Phenicie.
2130 2447 2132 2450 Α

343 2465 388 2504 6.
424 2459 610 2503 Litterae
638 2472 664 2503 a
692 2461 847 2505 Dario.
877 2465 942 2504 De
972 2460 1139 2514 meme,
1159 2465 1209 2515 v,
1236 2474 1279 2514 v,
1301 2469 1344 2507 2.
1378 2464 1441 2503 Un
1472 2461 1728 2505 substantir
1751 2466 1824 2504 est
1854 2458 2150 2514 quelquefois
2179 2460 2264 2502 uni

289 2521 421 2564 ains?
439 2519 465 2562 a
493 2531 557 2563 un
585 2527 717 2565 autre
745 2524 1006 2567 substantii*
1025 2524 1102 2578 qui
1125 2525 1170 2566 le
1199 2522 1482 2565 determine.
1509 2526 1639 2566 Cette
1677 2521 1996 2565 construction
2029 2521 2150 2563 n'est
2179 2531 2265 2574 pas

291 2582 589 2640 particuliere
611 2586 638 2625 3
667 2585 836 2635 Quinte
863 2587 1029 2630 Curce.
1060 2587 1197 2628 Metus
1230 2585 1499 2628 insidiarum
1517 2598 1546 2628 a
1571 2586 1702 2637 meis,
1729 2587 1774 2627 13
1807 2585 1980 2628 craiute
2011 2583 2068 2627 de
2098 2583 2266 2637 pieges

291 2646 350 2689 de
377 2646 425 2688 13
450 2649 557 2698 part
577 2645 659 2688 des
689 2648 847 2699 miens
868 2649 1004 2702 (Cic.‚
1025 2648 1173 2692 Somn.
1200 2646 1351 2701 Scip.‚
1383 2648 1480 2700 111).
1510 2647 1738 2691 Canuleius
1768 2646 1959 2691 victoria
1987 2645 2038 2688 de
2054 2646 2264 2698 patribus

291 2714 337 2752 et
372 2709 522 2761 favore
556 2707 706 2761 plebia
734 2710 886 2763 inqens
914 2713 1030 2753 erat.
1066 2709 1316 2752 Canuleius
1358 2708 1472 2751 etait
1498 2710 1645 2763 grand
1683 2721 1765 2762 par
1791 2720 1844 2751 sa
1867 2707 2059 2751 victoire
2098 2718 2179 2750 sur
2219 2710 2263 2751 le

292 2770 441 2878 ἓόιιέἑ
457 2773 504 2840 et
533 2780 617 2873 palt-¹
639 2770 687 2812 la
713 2770 874 2815 faveur
898 2772 1137 2826 populaire
1166 2771 1308 2825 (Lim,
1339 2771 1488 2825 1526).
1504 2793 1561 2804 --
1585 2771 1752 2815 Arrien
1781 2771 1934 2815 denne
1965 2773 2089 2812 cette
2116 2770 2265 2814 lettre

324 2845 350 2875 e
444 2843 558 2884 rius,
621 2861 636 2884 ‚
664 2837 738 2876 14.

347 2903 393 2939 7.
427 2893 639 2937 Eundem.
679 2894 750 2941 Cf.
786 2898 860 2949 111,
890 2907 976 2947 xn,
1008 2901 1115 2940 note
1137 2899 1208 2938 11.

343 2955 389 3002 8.
426 2955 544 3007 Quod
562 2956 879 3011 adscripaerat.
926 2958 1058 3011 Quod,
1089 2958 1209 3013 quia,
1243 2969 1295 3001 se
1341 2958 1658 3001 construisent
1705 2969 1817 3000 avec
1859 2956 2102 3000 l'ind1catif
2125 2967 2186 2999 ou
2215 2956 2263 3000 le

293 3018 563 3073 subionctit‘,
579 3020 708 3062 selon
730 3030 820 3073 que
838 3020 885 3063 la
913 3021 1197 3075 proposition
1227 3020 1520 3073 dependante
1552 3021 1765 3074 exprime
1795 3031 1856 3062 ou
1882 3018 2146 3072 u'exprime
2175 3029 2262 3071 pas

291 3083 337 3124 13
355 3080 529 3134 pensee
547 3081 607 3124 de
633 3081 759 3125 celui
786 3081 867 3136 qui
884 3084 1035 3135 parte.
1067 3082 1186 3134 Quod
1213 3083 1423 3137 spiratis,
1445 3083 1553 3137 quod
1575 3093 1715 3125 vocem
1743 3081 1930 3125 mittitis
1947 3080 2257 3134 Manatum.

293 3144 355 3186 lls
383 3142 666 3195 s’indignent
691 3142 746 3188 de
770 3156 821 3188 ce
849 3155 939 3200 que
967 3155 1081 3190 vous
1102 3145 1326 3199 respirez.
1352 3145 1410 3189 de
1439 3157 1494 3189 ce
1524 3155 1614 3199 qne
1644 3156 1760 3188 vous
1785 3143 2262 3198 partez(tiv.‚1V‚3).

290 3205 431 3260 (C’est
454 3204 500 3246 13
529 3205 703 3259 pensee
721 3206 784 3250 du
802 3208 957 3250 tribun
982 3209 1061 3262 qui
1089 3210 1260 3263 pat-la.)
1292 3231 1341 3240 —-
1368 3207 1571 3251 Socrates
1589 3211 1820 3251 accusatus
1848 3206 2048 3261 estquod.
2063 3216 2264 3249 corrum-

286 3271 415 3322 peret
425 3268 713 3319 juventutem.
758 3271 942 3312 Socrate
972 3269 1042 3312 rut
1066 3269 1237 3314 accuse
1267 3270 1324 3314 de
1352 3281 1614 3324 corrompre
1643 3270 1689 3313 la
1713 3270 1936 3324 J'eunesse
1957 3267 2159 3322 (Quint.,
2188 3271 2261 3323 lv,

291 3341 355 3384 tv,
384 3329 443 3383 5).
469 3328 652 3383 (C'etait
680 3331 903 3383 l'opinion
922 3331 1007 3375 des
1037 3334 1387 3387 aecusateum.)

344 3395 395 3438 9.
425 3392 678 3440 Matrem...
714 3392 788 3437 Cf.
818 3397 892 3448 111,
920 3405 990 3447 m,
1015 3395 1084 3445 Μ,
1113 3399 1158 3437 et
1184 3398 1256 3448 111,
1279 3407 1346 3445 xl,
1365 3400 1433 3439 23-

348 3457 421 3499 10.
453 3453 505 3497 In
522 3465 577 3497 ea*
591 3454 787 3509 (puniet
808 3456 1015 3509 uentre).
1044 3457 1162 3498 Sous
1182 3467 1266 3500 ces
1284 3458 1566 3504 conditione.

348 3520 422 3562 ss.
460 3515 707 3564 Graecos...
739 3517 1016 3573 coloniasque
1043 3516 1205 3560 Ionias.
1243 3520 1303 3560 La
1346 3518 1523 3563 revolte
1549 3519 1605 3564 de
1646 3517 1803 3563 l'lonie
1841 3518 1970 3564 avait
2006 3515 2157 3572 ganne
2185 3515 2264 3562 les
