2517 3975
453 256 553 314 184
1210 274 1267 317 Q.
1307 271 1476 309 cua-m
1513 271 1650 309 nuri

331 382 393 437 11
521 381 647 449 Ille,
687 368 809 435 non
845 380 1100 450 ignarus
1137 381 1196 433 et
1232 378 1540 448 principes
1585 377 1907 432 amicorum
1926 377 1947 398 *
1987 381 2047 433 et
2091 374 2372 432 exercitum

450 470 713 542 graviter
757 468 999 536 offendi,
1049 467 1303 540 gratiam
1329 466 1686 521 liberalitate
1735 466 2023 537 donisque
2066 477 2321 540 reparare
2341 458 2373 485 ¹·

448 558 709 613 tentabat
736 559 796 614 ¹¹.
839 556 977 626 Sed,
1030 558 1264 628 opinor,
1305 555 1512 610 liberis
1559 557 1813 626 pretium
1858 557 2168 610 servitutis
2205 555 2376 624 ingra-

332 649 400 706 12
452 651 573 701 tum
606 650 717 702 est.
750 646 957 718 Igitur,
991 661 1064 699 ne
1093 646 1156 699 in
1194 643 1549 699 seditionem
1576 660 1675 698 res
1705 648 2057 712 verteretur,
2096 643 2271 699 otium
2299 638 2376 691 in-

449 733 939 805 terpellandum¹¹
968 737 1092 787 erat
1120 732 1294 803 belle,
1337 731 1510 803 cujus
1540 732 1788 786 materia
1825 735 2167 804 opportune
2215 728 2379 783 aleba-

329 826 399 883 13
449 825 618 880 tur¹⁸.
659 824 926 894 Namque
965 822 1214 890 BessuS,
1257 824 1424 876 veste
1462 821 1635 893 regia
1682 822 1938 892 sumpta,
1988 811 2380 875 Artaxerxew*

450 913 739 985 appellari
768 928 836 968 se
859 911 1146 983 jusserat,
1168 910 1535 981 Scythasque
1560 912 1617 964 et
1637 913 1869 965 ceteros
1890 910 2111 964 Tanais
2124 910 2166 937 ¹⁸
2183 904 2380 963 accolas

457 1001 860 1057 contrahebat.
894 999 1038 1055 Haec
1071 998 1478 1054 Satibarzanes
1517 998 1845 1069 nuntiabat,
1878 1014 2072 1070 quem,
2113 998 2381 1065 receptum

330 1095 399 1150 14
450 1092 516 1146 in
552 1090 747 1156 fidem,
788 1078 1026 1163 regioni
1045 1088 1105 1157 ¹⁶,
1139 1103 1318 1158 quam
1354 1089 1528 1143 antea
1565 1087 1918 1155 obtinuerat,
1961 1087 2229 1158 praefecit
2243 1085 2296 1136 ¹¹.
2325 1079 2383 1135 Et

451 1195 586 1235 cum
629 1194 813 1251 grave
860 1178 1077 1249 spoliis
1112 1178 1513 1248 apparatuque
1546 1175 1799 1231 luxuriae
1828 1192 2038 1249 agmen
2075 1178 2184 1230 vix
2214 1185 2383 1228 move-

450 1270 633 1339 retur,
665 1283 809 1323 suas
838 1268 1113 1337 primum,
1166 1265 1378 1321 deinde
1406 1265 1591 1321 totius
1620 1267 1919 1321 exercitus
1967 1267 2262 1331 sarcinae,
2295 1276 2383 1315 ex-

380 1420 387 1427 ,
449 1359 638 1429 ceptis
686 1356 1004 1412 admodum
1040 1355 1425 1423 necessariiS‚
1471 1354 1691 1410 referri
1724 1354 1912 1427 jussit
1929 1354 1970 1382 ¹⁸
2008 1339 2084 1409 'in
2122 1353 2376 1410 medium.

328 1450 398 1505 15
452 1447 739 1502 Planities
768 1446 1035 1517 spatiosa
1065 1448 1209 1511 erat,
1241 1444 1306 1498 in
1335 1459 1513 1514 quam
1540 1443 1811 1498 vehicula
1858 1448 2070 1499 onusta
2119 1436 2384 1514 perduxess

449 1541 603 1592 rant.
625 1534 1124 1606 Exspectantibus
1154 1532 1380 1588 cunctis
1411 1533 1552 1603 quid
1579 1531 1791 1587 deinde
1812 1537 1973 1587 esset
1992 1535 2382 1603 imperaturae,

442 1625 714 1697 jumenta
752 1622 937 1694 jussit
965 1622 1197 1690 abduci,
1249 1621 1495 1692 suisque
1523 1614 1779 1692 primum
1817 1621 2073 1675 sarcinis
2113 1621 2242 1676 face
2267 1618 2382 1676 sub-

330 1718 402 1774 16
450 1715 590 1785 dita,
636 1718 867 1769 ceteras
897 1711 1137 1767 incendi
1183 1712 1469 1782 praecepit
1486 1710 1548 1764 ¹⁰.
1593 1709 1972 1782 Flagrabant,
2021 1709 2385 1767 exurentibus

449 1803 730 1868 dominia,
797 1816 931 1872 quae
988 1803 1052 1854 ut
1108 1800 1324 1854 intacta
1381 1814 1455 1854 ex
1511 1798 1763 1853 urbibus
1815 1798 2074 1852 hostium
2120 1798 2383 1871 raperent,
2469 1806 2470 1811 ¹

450 1908 611 1963 saepe
641 1891 909 1944 flammas
945 1889 1358 1957 restinxerant,
1401 1887 1564 1941 nullo
1598 1886 1914 1959 sanguinis
1957 1888 2273 1956 pretium⁸⁰
2307 1899 2388 1938 au-

328 1988 395 2043 17
450 1981 624 2037 dente
650 1980 895 2050 deflere,
926 1994 1061 2033 cum
1088 1977 1289 2049 regias
1337 1992 1484 2047 opes
1532 1975 1689 2031 idem
1715 1975 1880 2047 ignis
1907 1979 2206 2032 exureret.
2238 1971 2386 2031 Brevi

449 2070 660 2127 deinde
697 2068 849 2123 ratio
880 2067 1175 2136 mitigavit
1210 2065 1497 2135 dolorem,
1540 2063 1885 2135 habilesque
1931 2065 2159 2120 militiae
2179 2065 2218 2094 ⁸¹
2247 2068 2303 2120 et
2332 2059 2388 2115 ad

365 2223 369 2228 .
451 2159 650 2214 omnia
677 2156 869 2228 parati
896 2154 1248 2210 laetabantur
1268 2155 1637 2209 sarcinarum
1660 2153 1864 2223 potius
1884 2169 2062 2224 quam
2084 2152 2387 2225 disciplinae
2465 2181 2466 2190 κ

327 2256 399 2313 18
449 2246 726 2305 fecisse”
766 2245 1079 2320 jacturam.
1130 2243 1318 2315 Igitur
1364 2242 1738 2298 Bactrianam
1774 2242 2087 2314 regionem
2113 2241 2388 2314 petebant.

503 2427 576 2472 10.
609 2425 857 2481 Reparare,
885 2433 937 2466 se
974 2432 1196 2477 procurer
1232 2422 1289 2465 de
1320 2430 1544 2471 nouveam
1570 2428 1748 2464 comme
1784 2417 1841 2462 ad
1874 2417 2149 2473 reparandae
2181 2417 2294 2461 uires
2316 2412 2389 2469 (Π,

449 2500 512 2545 v1,
542 2488 607 2545 1).

500 2553 574 2600 11.
611 2549 818 2595 Tentabat
842 2558 957 2592 avec
984 2544 1212 2592 l’infinitif
1231 2549 1305 2589 est
1332 2555 1456 2591 rare.
1480 2544 1556 2589 Cf.
1578 2547 1648 2600 lv,
1667 2555 1701 2600 ι,
1730 2548 1839 2587 note
1863 2546 1934 2591 48.

500 2618 573 2660 12.
607 2611 997 2669 later-pellandum.
1024 2608 1096 2655 Cf.
1131 2608 1203 2663 Vl,
1233 2618 1287 2661 11,
1302 2611 1410 2652 note
1431 2611 1478 2653 6.

499 2680 570 2722 13.
603 2676 751 2729 Alere,
778 2683 958 2718 comme
985 2673 1094 2727 plus
1122 2670 1221 2714 loin
1243 2669 1419 2713 Bellum
1440 2669 1624 2715 vitando
1650 2669 1835 2723 alenae,
1854 2670 1943 2722 vn,
1962 2677 2050 2723 vu,
2077 2670 2146 2713 17.

497 2738 572 2784 14.
606 2739 905 2783 Artaxerxen.
959 2737 1022 2778 Le
1076 2737 1172 2778 mot
1218 2730 1505 2776 Artaxerxes
1554 2730 1777 2787 signiflait
1822 2729 1918 2773 tres
1977 2730 2188 2786 vainant,
2233 2735 2387 2774 comme

445 2800 625 2846 xerxes
655 2797 880 2854 signifiait
906 2796 1117 2852 vaillant,
1138 2799 1185 2839 et
1205 2794 1373 2839 Darius
1400 2794 1616 2849 puissant
1634 2792 1887 2848 (Herodoto,
1915 2795 1989 2851 VI,
2008 2793 2112 2849 98).

498 2866 572 2908 15.
610 2861 791 2909 Tanais.
819 2860 892 2906 ct.
921 2862 993 2912 vl,
1022 2869 1074 2912 ιι,
1095 2862 1204 2902 note
1233 2858 1318 2901 17.

498 2928 571 2972 16.
604 2923 809 2980 Reoioni,
839 2921 998 2967 l’Arie.

500 2991 573 3034 17.
605 2986 832 3042 Praet'ecit,
861 2986 984 3039 sujet
1011 2982 1283 3029 Alexander.

500 3055 574 3097 18.
606 3049 765 3102 lussit,
796 3048 923 3102 suiet
949 3045 1218 3092 Alexander.

499 3118 571 3159 19.
609 3110 829 3166 pracepit
858 3121 912 3154 se
940 3108 1172 3153 construit
1188 3109 1297 3162 plus
1325 3109 1523 3150 souvent
1551 3115 1668 3150 avec
1686 3107 1754 3150 at.

497 3180 573 3222 20.
606 3172 850 3228 Saaaaiuie
865 3172 1071 3226 pretium,
1101 3181 1282 3215 comme
1304 3170 1408 3224 plus
1437 3167 1568 3223 haut,
1595 3166 1620 3222 ἓ
1642 3169 1714 3221 11,
1739 3167 1977 3212 servitutis
1988 3170 2201 3224 pretium.

497 3240 572 3283 21.
606 3235 787 3280 flabilis
812 3245 928 3278 avec
947 3235 990 3276 le
1013 3232 1144 3285 datis,
1169 3242 1350 3275 comme
1374 3230 1488 3274 chez
1517 3228 1712 3283 Virgile.
1729 3230 1816 3273 Bos
1843 3241 1924 3275 nee
1941 3232 2096 3290 fetura}
2125 3229 2293 3281 habilis,
2315 3234 2389 3267 m
2465 3273 2466 3292 Χ

463 3301 577 3346 ortis
597 3296 781 3344 aratris.
802 3296 956 3339 vache
977 3297 1056 3350 qui
1077 3295 1197 3338 n'est
1226 3294 1276 3337 ni
1306 3294 1459 3337 bonne
1486 3301 1605 3345 pour
1628 3292 1673 3334 la
1701 3291 2044 3347 reproduction,
2065 3294 2114 3336 ni
2142 3303 2264 3336 assez
2285 3288 2388 3331 forte
2465 3305 2466 3338 ss

445 3374 564 3419 pour
591 3364 639 3405 la
662 3359 862 3403 chari-ue
888 3358 1085 3414 wevra„
1112 3360 1187 3412 111,
1207 3356 1366 3411 62).—
1394 3352 1686 3407 D'habitude,
1702 3352 1872 3399 habilis
1894 3366 1948 3399 se
1977 3355 2205 3401 construit
2218 3360 2316 3397 avec
2332 3345 2387 3389 οδ
2465 3359 2466 3410 ᾗ

448 3422 889 3534 Θιὲῗοῖῗῖιῖξὶιιιιν
915 3481 1095 3534 secisse.
1141 3484 1202 3523 Le
1243 3480 1367 3533 sujet
1399 3480 1457 3524 de
1496 3479 1540 3521 la
1590 3478 1877 3533 proposition
1918 3478 2143 3525 infinitivo
2176 3477 2267 3523 doit
2296 3473 2388 3516 &tro

449 3547 657 3603 exprime
691 3542 826 3598 apres
861 3544 1006 3585 laecor.
1042 3542 1276 3594 Utrumque
1310 3541 1453 3594 laetor,
1497 3542 1544 3583 et
1573 3540 1671 3583 eine
1697 3539 1849 3585 dolore
1884 3543 2086 3597 corperis
2113 3545 2157 3585 te
2177 3540 2304 3598 nisse
2341 3535 2387 3575 οἱ
2465 3543 2466 3604 3

450 3612 596 3655 animo
624 3605 821 3651 valuisse
845 3602 986 3656 (Cic.,
1015 3602 1083 3646 Aa
1108 3602 1403 3655 Fami1.,vn,
1435 3602 1496 3655 1).
