2517 3975
429 231 538 286 212
1194 220 1256 293 Q.
1290 249 1460 288 cun-rr
1498 251 1631 290 nur-1

337 359 372 412 5
426 355 725 410 vestibulo
761 355 949 427 regiae
992 359 1215 425 praesto
1256 357 1401 411 sint.
1438 355 1600 421 Quos
1643 359 1745 413 ubi
1800 358 2145 428 frequentes
2186 359 2358 414 adesse

426 446 730 516 cognovit,
769 446 832 498 in
860 446 1197 500 contionem
1226 447 1544 515 processit.

499 533 670 588 Haud
708 534 882 588 dubie
922 550 993 588 ex
1040 535 1364 604 composito
1411 534 1719 590 Atharrias
1767 538 2071 608 postulare
2118 537 2285 608 coepit
2313 536 2361 588 ut

427 623 755 692 Lyncestes
776 621 1168 687 Alexander⁸,
1200 621 1303 692 qui
1331 622 1515 677 multo
1544 628 1676 679 ante
1706 633 1890 695 quam·
1908 625 2176 681 Philotas
2193 638 2360 695 regem

426 711 722 767 voluisset
763 710 1052 777 occidere,
1084 710 1483 766 exhiberetur.
1525 712 1577 766 A
1615 713 1847 769 duobus
1893 714 2213 781 indicibus,
2244 713 2363 767 sicut

427 816 608 871 supra
623 800 645 827 ⁹
673 800 951 868 diximus,
991 799 1217 855 delatus
1231 801 1293 868 ⁴⁰,
1319 801 1554 856 tertium
1568 802 1696 873 ¹jam
1715 785 1937 857 annum
1955 803 2363 858 custodiebatur

426 892 493 946 iu
521 889 794 945 vinculis.
817 889 1133 945 Eundem¹¹
1164 890 1223 944 in
1250 890 1508 961 Philippi
1538 907 1773 963 quoque
1803 892 2026 947 caedem
2046 893 2363 965 conjurasse

428 995 563 1035 cum
592 978 886 1033 Pausania
912 994 1018 1048 pro
1048 982 1347 1049 comperto
1377 978 1508 1048 fuit,
1540 980 1647 1035 sed
1695 980 1830 1051 quia
1875 982 2108 1051 primus
2138 982 2363 1036 Alexan-

431 1069 603 1124 drum
649 1082 849 1139 regem
905 1068 1288 1134 salutaverat,
1333 1070 1627 1139 supplicio
1681 1073 1879 1142 magis
1935 1086 2111 1141 quam
2166 1069 2364 1125 crimini

430 1156 622 1212 fuerat
677 1159 988 1227 exemptus
1007 1149 1047 1185 '¹⁸
1079 1175 1093 1212 :
1144 1160 1270 1211 tum
1323 1173 1557 1227 quoque
1612 1159 1937 1230 Antipatri,
1979 1161 2178 1215 soceri
2230 1159 2362 1230 ejuS,

428 1260 637 1315 preces
667 1244 891 1316 justam
939 1245 1104 1316 regis
1150 1244 1299 1299 iram
1344 1246 1748 1301 morabantur.
1786 1247 2062 1302 Ceterum
2097 1245 2366 1304 recruduit

429 1337 793 1404 suppuratus
810 1334 852 1361 ¹⁸
908 1334 1076 1389 dolor
1110 1352 1123 1388 ε
1184 1335 1401 1404 quippe
1458 1336 1676 1390 veteris
1742 1336 1992 1408 periculi
2048 1338 2365 1391 memoriam

425 1425 739 1494 praesentis
775 1440 917 1479 cura
946 1422 1294 1479 renovabat.

495 1514 687 1584 Igitur
711 1513 1049 1567 Alexander
1077 1528 1152 1567 ex
1187 1514 1457 1567 custodia
1493 1512 1778 1584 educitur,
1807 1513 2144 1586 jussusque
2179 1515 2363 1577 dicere,

424 1618 777 1673 quamquam
795 1604 917 1656 toto
936 1602 1193 1656 triennio
1226 1601 1542 1657 meditatus
1571 1605 1698 1656 erat
1728 1601 2153 1669 defensionem,
2176 1605 2361 1666 tamen,

424 1689 713 1745 haesitans
757 1692 812 1744 et
841 1690 1137 1760 trepiduS,
1175 1706 1361 1760 pauca
1390 1705 1465 1744 ex
1495 1689 1593 1759 iis,
1624 1704 1750 1759 quae
1787 1693 2223 1759 composuerat,
2250 1705 2366 1760 pro-

423 1778 573 1846 tulit,
615 1777 688 1831 ad
718 1778 986 1832 ultimum
1014 1792 1134 1832 non
1163 1778 1449 1831 memoria
1481 1778 1695 1842 solum,
1722 1777 1827 1832 sed
1848 1779 2025 1832 etiam
2061 1794 2232 1833 mens
2259 1790 2363 1831 eum

424 1867 706 1921 destituit.
731 1865 893 1920 Nulli
919 1871 1039 1921 erat
1066 1865 1309 1920 dubium
1330 1866 1468 1936 quin
1491 1867 1800 1935 trepidatio
1819 1865 1861 1894 ¹⁴
1888 1867 2265 1921 conscientiae
2289 1866 2364 1918 in-

421 1957 639 2011 dicium
665 1958 848 2024 esset,
887 1971 1006 2011 non
1034 1955 1337 2010 memoriae
1365 1955 1593 2010 vitium.
1632 1956 1832 2026 Itaque
1862 1971 1936 2009 ex
1975 1954 2093 2024 his,
2129 1956 2226 2026 qui
2253 1969 2363 2025 pro-

2443 1838 2454 1881 ...1-
2459 1814 2460 1817 „

421 2046 571 2099 ximi
599 2046 957 2110 adstiterant,
991 2043 1384 2099 obluctantem
1421 2044 1611 2098 adhuc
1648 2044 1937 2099 oblivioni
1961 2043 2227 2100 lanceis*
2249 2059 2364 2099 con-
2451 2049 2454 2104 '3

422 2133 715 2188 foderunt.

473 2338 522 2378 8.
553 2335 810 2379 Alexandro
846 2336 1075 2388 Lyncesto
1104 2333 1417 2387 (c'est-a-dire
1446 2334 1545 2377 issu
1575 2334 1633 2378 de
1664 2333 1713 2377 la
1731 2334 2021 2388 Lyncestide,
2049 2347 2163 2388 pays
2189 2347 2244 2378 au
2264 2332 2358 2376 sud-

420 2402 557 2441 ouest
582 2398 640 2440 de
672 2398 715 2440 la
744 2395 1154 2450 macedoine)etait
1196 2398 1371 2449 proebe
1417 2400 1583 2450 parent
1617 2396 1699 2441 des
1745 2396 1839 2439 rois
1878 2396 1936 2440 de
1975 2397 2250 2441 macedoine.
2289 2398 2359 2438 ses
2449 2405 2450 2408 ¹

420 2455 572 2503 freres
593 2459 778 2502 avalent
797 2457 870 2501 ete
889 2458 978 2500 mis
1000 2459 1026 2500 a
1042 2463 1161 2501 mort
1181 2469 1360 2501 comme
1390 2459 1646 2513 complices
1674 2458 1730 2502 de
1756 2458 2053 2501 rassassinat
2071 2461 2128 2502 de
2155 2460 2354 2511 Philippa.

420 2521 678 2566 Lai-meme
725 2520 852 2565 avait
906 2522 1079 2565 obtenu
1125 2532 1211 2563 son
1251 2522 1449 2576 pat-don.
1485 2524 1633 2575 Ayant
1679 2520 1899 2574 conspire
1936 2532 1997 2564 en
2042 2522 2181 2575 Lycie
2224 2525 2358 2564 contro
2449 2553 2450 2580 ἶ

419 2584 694 2639 Alexandro,
714 2583 750 2627 n
779 2583 890 2626 etait
915 2582 1036 2626 reste
1056 2584 1167 2625 trois
1193 2594 1279 2625 ans
1316 2591 1374 2625 en
1402 2584 1584 2637 prison.
1608 2606 1661 2615 --
1690 2583 1855 2633 Quinte
1896 2585 2041 2626 Curce
2066 2584 2240 2638 parlera
2271 2582 2355 2635 plus

419 2645 517 2690 loin
546 2647 561 2701 (
571 2650 676 2699 vm,
703 2656 804 2700 vm,
832 2646 876 2702 6)
901 2645 959 2689 de
988 2648 1213 2698 Lynceste
1237 2649 1289 2688 et
1314 2646 1518 2688 donnera
1533 2646 1617 2690 des
1646 2644 1815 2688 details
1844 2645 2002 2699 quine
2029 2650 2136 2689 sont
2163 2656 2237 2700 pas
2250 2642 2356 2686 abso-

419 2709 601 2753 lument
620 2708 882 2752 conformes
912 2707 941 2751 ὲ
966 2719 1092 2752 ceux
1120 2715 1211 2762 que
1236 2718 1357 2751 nous
1374 2718 1519 2751 avons
1548 2708 1629 2751 ici.

473 2770 520 2817 9.
554 2772 711 2826 Supra,
741 2771 859 2814 dans
884 2771 955 2815 les
979 2771 1118 2813 livi-es
1147 2770 1340 2824 perduS.

474 2836 547 2882 w.
584 2833 791 2878 Delatus.
818 2833 1005 2888 Deserre
1028 2833 1222 2887 aliquem
1249 2837 1324 2875 est
1346 2831 1604 2886 posterieur
1624 2832 1652 2876 a
1670 2836 1896 2886 Auguste.
1912 2832 2141 2888 L’epoque
2154 2828 2351 2881 classique

420 2894 536 2939 ecrit
560 2896 737 2950 deferre
764 2906 918 2939 nomen
940 2894 1154 2948 alicujus.
1188 2894 1430 2937 Consilium
1460 2899 1667 2949 ceperunt
1688 2896 1868 2950 plenum
1895 2894 2081 2938 sceleris
2109 2897 2153 2937 et
2175 2889 2349 2939 audacia.

419 2961 471 3001 ut
489 2969 640 3001 nomen
663 2956 796 3010 hujus
818 2957 870 3001 de
883 2957 1133 3014 parricidio
1164 2957 1412 3011 deferrent.
1445 2961 1510 3000 De
1537 2956 1585 3001 le
1611 2955 1847 3001 denoncer
1875 2968 2055 2999 comme
2083 2953 2289 3009 coupable
2304 2949 2347 2993 de

421 3019 653 3074 parricide
673 3020 815 3075 (Cic.,
836 3021 969 3066 Rosa.
1003 3021 1180 3071 Amer„
1198 3021 1249 3074 X,
1274 3021 1369 3074 28).

472 3088 547 3127 11.
579 3081 792 3136 Eundem,
819 3094 902 3127 sur
930 3087 1054 3126 cette
1082 3081 1247 3134 forme,
1269 3080 1339 3124 cf.
1371 3084 1440 3134 Vl,
1462 3092 1516 3134 11,
1538 3085 1649 3123 note
1667 3085 1741 3128 31.

474 3146 546 3187 12.
579 3142 801 3196 Eximere,
830 3145 1056 3188 construit
1084 3155 1196 3186 avec
1215 3153 1274 3186 ex
1298 3155 1358 3186 ou
1387 3144 1432 3185 le
1450 3142 1618 3195 simple
1647 3142 1815 3186 ablatis
1840 3142 1867 3187 a
1890 3142 2104 3199 l’epoque
2132 3138 2348 3192 classique.

421 3211 495 3249 est
522 3210 714 3249 souvent
744 3209 969 3250 construit
996 3216 1110 3249 avec
1139 3207 1182 3248 le
1210 3205 1329 3248 datis
1347 3201 1377 3247 a
1405 3205 1550 3256 partit·
1577 3206 1634 3248 de
1658 3204 1870 3260 l'epoque
1893 3205 2157 3261 d'Auguste.
2176 3202 2348 3247 Exim

420 3266 571 3322 morti,
594 3267 808 3310 arracher
834 3268 1086 3322 quelqu'un
1107 3267 1134 3310 a
1153 3268 1202 3311 la
1230 3272 1350 3309 mort
1369 3265 1528 3320 (Tac.,
1551 3267 1696 3318 Arm„
1720 3270 1828 3319 xlv,
1856 3268 1954 3320 ⁴8).

478 3332 548 3376 13.
586 3328 780 3383 Suppuro
809 3329 885 3383 (de
900 3331 1002 3385 pus)
1024 3341 1073 3373 se
1101 3331 1170 3372 dit
1189 3341 1248 3372 au
1279 3339 1445 3382 propre
1470 3328 1607 3371 d'une
1637 3327 1758 3382 plaic
1779 3329 1858 3384 qui
1889 3335 1963 3374 est
1981 3341 2041 3374 en
2066 3322 2348 3384 suppurationv

421 3392 503 3447 qui
532 3392 770 3446 engendre
804 3392 886 3435 des
923 3394 1092 3442 abeas:
1119 3415 1173 3423 —
1197 3393 1312 3435 dans
1347 3393 1387 3433 le
1413 3403 1523 3434 sens
1561 3391 1725 3445 figure,
1756 3391 1790 3434 il
1830 3398 1903 3437 est
1930 3393 2189 3448 posterieur
2213 3389 2239 3431 ὲ
2271 3391 2347 3430 Λιι-

423 3459 578 3509 guste.
613 3454 776 3496 Horum
803 3455 879 3507 qui
903 3455 1058 3507 felices
1078 3458 1300 3508 vocantur,
1319 3453 1545 3498 'hilaritas
1573 3455 1679 3508 ficta
1708 3458 1792 3509 est,
1813 3463 1889 3499 aut
1908 3455 2057 3510 aravit·
2074 3459 2116 3498 et
2140 3449 2347 3508 supputate

426 3515 641 3559 tristitia.
665 3514 896 3557 Tristesse
921 3515 1001 3569 qui
1030 3519 1193 3568 rouge,
1215 3516 1295 3574 qui
1322 3516 1490 3559 devote
1517 3515 1671 3569 (Sem,
1700 3516 1850 3570 Epiet.
1873 3522 1928 3563 80
1947 3517 2115 3573 med.).

478 3580 551 3620 u.
588 3574 859 3629 Trepidalio.
885 3578 948 3618 Le
979 3575 1175 3626 trouble,
1190 3576 1242 3619 le
1261 3575 1502 3622 desordre.
