2517 3975
496 205 600 259 380
1258 223 1310 266 Q.
1354 222 1526 259 cun‘rx
1566 222 1699 260 num

494 343 623 384 cum
661 328 937 398 pluribus
967 329 1243 399 corpus¹‚
1279 344 1457 398 quam
1503 330 1769 399 capiebat
1786 329 1827 396 ⁸,
1875 327 2160 398 capitibus
2193 337 2370 378 oneras·

492 423 645 489 sent,
675 422 873 473 cetera
904 419 1165 472 membra
1192 417 1447 473 deficere
1469 421 1808 488 coeperunt;
1833 417 2100 487 quodque
2131 411 2373 482 imperium
2438 435 2439 450 κ

492 507 603 562 sub
637 523 752 563 uno
792 511 950 562 stare
988 507 1306 577 potuisset,
1340 506 1478 560 dum
1515 522 1549 560 a
1588 507 1862 576 pluribus
1907 507 2243 567 sustinetur,
2279 500 2374 553 ruit.

565 611 820 670 Proinde
871 613 1008 684 jure
1054 613 1383 681 meritoque
1427 613 1681 683 populus
1731 613 2034 667 Romanus
2087 612 2304 665 salutem
2337 619 2380 657 sc

443 759 454 770 ,
491 704 749 773 principi
788 718 896 757 suo
927 701 1144 756 debere
1172 701 1503 771 profitetur,
1532 703 1633 771 qui
1662 703 1852 756 noctis
1870 703 1910 769 ⁸,
1941 717 2117 773 quam
2143 714 2288 770 paene
2309 712 2382 749 su-

491 807 755 863 premam
798 790 1136 859 habuimus,
1187 805 1408 844 novum
1457 792 1624 845 sidus
1671 792 1878 845 illuxit.
1910 790 2156 861 Hujus⁴,
2184 784 2382 847 hercule,

492 897 614 936 non
644 880 792 935 solis
822 882 989 934 ortus
1014 879 1201 933 lucem
1231 880 1514 952 caliganti
1545 881 1800 935 reddidit
1839 879 2082 948 mund0,
2125 877 2272 932 cum‘
2293 875 2387 928 sine

493 984 602 1023 suo
637 968 825 1038 capite
870 968 1171 1022 discordia
1208 968 1472 1021 membra
1508 969 1938 1038 trepidarent⁸.
1987 968 2139 1032 Quot
2180 966 2267 1019 illc
2302 967 2387 1016 tum

492 1058 781 1111 exstinxit
809 1057 998 1111 facesl
1044 1062 1186 1127 quot
1223 1058 1482 1111 condidit
1516 1058 1774 1129 gladios!
1818 1059 2097 1127 quantam
2137 1054 2388 1124 tempesta·

491 1149 606 1199 tem
638 1146 836 1200 subita
865 1148 1178 1201 serenitate
1207 1145 1527 1201 discussit!
1570 1147 1703 1201 Non
1731 1163 1873 1218 ergo
1902 1146 2207 1201 revirescit
2231 1143 2385 1202 solum,

490 1236 595 1289 sed
624 1236 800 1289 etiam
839 1236 1008 1290 floret
1055 1237 1391 1304 imperium.
1421 1237 1594 1291 Absit
1640 1236 1815 1290 modo
1864 1236 2096 1290 invidia
2117 1237 2158 1303 ²,
2202 1230 2387 1301 excipiet

489 1323 670 1395 hujus
711 1325 919 1380 saeculi
962 1324 1268 1394 tempora⁸
1307 1324 1575 1396 ejusdem
1620 1325 1852 1392 domus,
1885 1325 2116 1379 utinam
2145 1323 2384 1394 perpetua,

489 1415 645 1467 certe
675 1412 951 1467 diuturna
989 1414 1326 1483 posteritas,

559 1518 851 1589 Ceterum,
892 1524 956 1574 ut
984 1520 1056 1573 ad
1087 1519 1371 1587 ordinem,
1400 1535 1435 1573 a
1474 1537 1589 1591 quo
1621 1536 1713 1576 me
1751 1521 2164 1591 contemplatio
2200 1516 2384 1590 publicae

487 1607 783 1663 felicitatis
814 1613 1126 1677 averterat,
1157 1609 1412 1676 redeam,
1446 1609 1722 1663 Perdicca
1750 1611 1986 1663 unicam
2021 1626 2198 1681 spem
2239 1604 2385 1662 salutis

487 1711 612 1750 suae
644 1697 706 1750 in
739 1697 1024 1766 Meleagri
1071 1701 1255 1751 moite
1299 1696 1590 1766 ponebat:
1623 1698 1883 1751 vanum⁹
1909 1699 2172 1752 eundem
2190 1697 2227 1724 ¹⁰
2252 1698 2298 1749 et
2328 1692 2385 1743 in·
2438 1731 2439 1738 κ

486 1784 666 1838 fidum
698 1784 1085 1855 celeriterque
1116 1800 1215 1839 res
1245 1789 1619 1851 novaturum,
1651 1787 1709 1840 et
1737 1785 1854 1839 sibi
1884 1786 2150 1840 maxime
2177 1783 2388 1839 infestum

487 1873 890 1944 occupandum
918 1890 1070 1928 esse.
1094 1872 1208 1928 Sed
1240 1874 1358 1927 alta
1389 1873 1858 1928 dissimulatione
1885 1874 2210 1929 consilium
2225 1881 2388 1943 preme-

484 1961 604 2030 bat,
623 1965 686 2017 ut
713 1964 1072 2033 opprimeret
1101 1965 1422 2020 incautum.
1447 1962 1610 2033 Ergo
1644 1963 1795 2018 clam
1825 1963 2119 2034 quosdam
2148 1979 2219 2019 ex
2237 1956 2388 2030 copiis.

485 2052 703 2121 quibus
733 2055 1007 2121 praeerat,
1040 2052 1409 2118 subornavit,
1443 2054 1505 2105 ut
1535 2081 1606 2093 -
1633 2052 1802 2123 quasi
1849 2053 2170 2122 ignoraret
2211 2054 2319 2122 ipsc
2344 2073 2389 2083 ό

483 2144 993 2211 conquererentur
1019 2140 1215 2211 palam
1251 2140 1613 2210 Meleagrum
1643 2144 1940 2209 aequatum
1956 2141 1992 2169 ¹¹
2027 2157 2175 2197 esse
2214 2135 2390 2193 Perdic-

484 2244 587 2283 cae.
628 2231 889 2295 Quorum
935 2244 1213 2284 sermone
1250 2229 1543 2301 Meleager
1588 2230 1659 2283 ad
1704 2246 1771 2284 se
1819 2230 2027 2300 relato,
2076 2231 2277 2285 furens
2316 2227 2388 2281 ira,

480 2317 800 2385 Perdiccae,
850 2333 982 2388 quae
1027 2318 1445 2388 comperisset,
1490 2318 1751 2389 exponit.
1794 2318 1919 2387 Ille,
1962 2319 2132 2374 velut
2177 2332 2313 2373 nova
2347 2323 2389 2363 1⁸⁰

531 2553 607 2595 lx.
640 2572 697 2583 —
722 2550 771 2596 1.
804 2550 985 2605 Corpus,
1012 2549 1302 2594 c’est-a-dire
1322 2551 1550 2605 l'empire.

530 2612 579 2656 2.
614 2612 749 2664 Quam
767 2610 988 2666 capiebat,
1017 2613 1129 2668 qu'il
1150 2612 1310 2655 n'etait
1328 2613 1519 2667 capable
1540 2612 1642 2655 d’en
1670 2614 1846 2665 porter.

529 2678 578 2720 3.
610 2674 759 2718 Noctis
785 2674 929 2718 sidua.
964 2675 1030 2720 Cf.
1064 2673 1110 2717 la
1138 2675 1294 2718 notice
1324 2687 1404 2718 sur
1431 2674 1601 2726 Quinte
1630 2676 1798 2719 Curce.

530 2741 578 2781 4.
610 2737 769 2789 Hujus,
799 2748 920 2780 s.-e.
952 2736 1145 2784 sideris.

529 2805 576 2845 5.
612 2798 715 2841 Cum
743 2798 985 2854 temporel,
1004 2810 1118 2842 avec
1135 2800 1178 2841 le
1198 2798 1472 2853 subjunctis.
1498 2799 1572 2844 cf.
1597 2801 1673 2847 111,
1704 2809 1765 2847 ιν,
1791 2800 1900 2839 note
1919 2801 1968 2843 3.
2378 2849 2387 2859 .

527 2866 577 2908 6.
613 2861 913 2916 Trepidarent,
943 2861 1061 2905 dans
1102 2863 1147 2904 le
1190 2872 1300 2905 sens
1346 2862 1451 2917 qu’a
1482 2861 1590 2916 deja
1615 2860 1753 2903 offert
1781 2859 1826 2903 le
1855 2864 1952 2903 mot
1983 2857 2243 2913 trepidatio.
2275 2851 2338 2896 Cf.
2365 2850 2400 2887 b

477 2936 578 2979 xm,
610 2930 717 2967 note
737 2928 807 2969 ¹8.
2438 2924 2439 2929 ’

527 2994 575 3030 ’1.
609 2986 795 3037 Invidia,
825 2987 1052 3029 entendez
1084 2986 1253 3029 invidia
1287 2985 1427 3041 deum,
1446 2985 1491 3030 la
1520 2984 1724 3029 Nemesis
1745 2985 1788 3026 *.

526 3053 573 3092 8.
610 3048 772 3092 Saeculi
801 3052 1011 3102 tempora.
1044 3049 1260 3093 Saeculum
1289 3061 1316 3092 a
1343 3050 1402 3091 ici
1433 3060 1527 3093 une
1555 3047 1794 3100 acception
1822 3045 1937 3100 qu’il
1973 3048 2048 3090 n'a
2076 3057 2156 3101 pas
2185 3043 2212 3087 a
2232 3040 2395 3104 l'‹‘³1³‹>{l¹¹e

476 3109 742 3164 classique3
782 3110 814 3153 il
844 3110 1027 3165 signifie
1066 3126 1094 3151 c<
1128 3112 1172 3153 le
1201 3115 1354 3164 temps
1383 3111 1592 3164 pendant
1620 3109 1780 3164 lequel
1818 3109 1933 3152 dure
1970 3120 2035 3151 un
2066 3107 2206 3161 regne
2232 3118 2275 3144 ι.
2305 3102 2394 3140 Αιυει

474 3170 589 3214 chez
617 3170 789 3224 Tacite,
827 3173 997 3225 Aurio..
1040 3177 1068 3217 3
1098 3189 1108 3215 :
1138 3171 1289 3216 Primo
1314 3173 1473 3215 statim
1509 3168 1758 3216 beatissimi
1794 3170 1946 3214 aaeculi
1984 3175 2098 3226 ortu,
2127 3170 2154 3213 a
2184 3170 2331 3221 prot)os
2352 3156 2395 3198 ⁶¹¹

475 3232 618 3285 regne
647 3232 706 3274 de
725 3237 894 3277 Nerva.
914 3256 964 3265 —
982 3230 1214 3279 Entendez
1242 3235 1361 3278 donc
1390 3247 1401 3277 t
1430 3246 1521 3289 que
1542 3235 1625 3279 des
1646 3233 1979 3279 descendants,
1994 3268 2005 3279 .
2024 3265 2036 3277 .
2070 3228 2308 3276 succedent
2328 3221 2394 3271 ld·

475 3292 631 3344 cipiet)
658 3304 717 3334 au
742 3299 893 3346 temps
919 3298 1120 3348 pendant
1141 3297 1300 3352 lequel
1319 3297 1353 3339 il
1383 3309 1493 3339 aura
1515 3296 1672 3349 regne,
1701 3299 1898 3349 tempora
1927 3294 2059 3347 liujus
2084 3291 2255 3338 saeculi.
2368 3341 2375 3349 ,

527 3351 575 3394 9.
615 3352 795 3394 Vanum.
808 3356 936 3397 Cette
959 3357 1240 3411 proposition
1257 3359 1483 3402 infinitivo
1513 3358 1697 3414 depend
1727 3360 1784 3401 de
1813 3357 1946 3402 l'ndee
1973 3358 2032 3401 de
2061 3356 2249 3410 coquant
2274 3342 2394 3401 imph-

477 3411 593 3465 quee
616 3411 732 3452 dans
761 3412 805 3453 la
831 3417 1116 3467 proposition
1144 3418 1444 3474 precedente.

528 3473 601 3517 10.
634 3471 848 3514 Eundem.
883 3476 953 3516 Cf.
976 3480 1045 3526 Vl,
1067 3490 1120 3531 n,
1144 3486 1253 3523 note
1268 3483 1342 3524 31,

528 3531 601 3573 11.
634 3530 881 3583 AEquatum.
915 3536 984 3576 On
1006 3549 1033 3579 a
1061 3550 1124 3582 vu
1151 3541 1290 3596 chap.
1309 3555 1412 3598 vm,
1440 3542 1552 3598 δυ,
1572 3543 1850 3599 Maleam-um,
1881 3544 2061 3588 tertium
2086 3542 2246 3586 aucen-
