2517 3975
343 537 411 593 32

342 896 412 949 33

343 1162 410 1215 34

344 1338 412 1392 35

348 1782 415 1839 37

353 2138 421 2194 38

359 2403 426 2460 39

467 230 573 286 358
1234 247 1288 291 Q.
1331 246 1500 286 cunr!
1539 249 1675 286 nuri

466 356 832 426 argentoque
878 353 1168 423 repletum
1213 368 1354 407 esse
1404 354 1736 409 crediderat
1780 385 1851 397 —
1895 356 2108 426 quippe
2153 355 2224 406 ita
2263 351 2371 404 sama

465 443 664 498 Persae
694 442 1088 513 vulgaverant
1116 471 1183 486 --
1211 441 1341 509 sed,
1372 445 1594 512 praeter
1624 443 1877 513 clipeum
1897 444 1916 464 *
1949 443 2084 514 ejus
2121 445 2318 513 putrem
2337 441 2374 492 et

467 546 641 586 arcus
657 531 676 552 *
700 530 848 585 duos
876 529 1185 601 Scythicos
1215 534 1273 586 et
1293 530 1584 585 acinacem
1601 531 1643 597 *,
1668 532 1819 586 nihil
1848 534 2128 603 repperit.
2148 530 2377 592 Ceterum,

466 636 688 677 corona
731 637 910 675 aurea
959 621 1256 691 imposita,
1298 621 1573 689 amiculo,
1614 622 1710 674 cui
1747 624 2096 678 assueverat
2144 621 2273 689 ipse,
2306 630 2380 670 so-

465 709 610 763 lium
624 709 683 778 ⁸³,
714 710 774 762 in
807 724 921 779 quo
944 724 1164 779 corpus
1189 706 1446 778 jacebat,
1470 709 1709 778 velavit,
1733 711 1979 764 miratus
2005 709 2154 763 tanti
2181 703 2384 761 nominis

466 813 686 869 regem,
719 798 899 852 tantis
939 796 1253 867 praeditum
1303 796 1541 867 opibuS,
1580 796 1735 850 haud
1776 798 2103 867 pretiosius
2148 793 2386 864 sepultum

467 901 625 954 esse,
660 901 834 957 quam
864 885 918 938 si
945 884 1162 938 fuisset
1199 900 1233 937 e
1269 883 1464 954 plebe.
1505 884 1824 939 Proximus
1862 890 1988 939 erat
2029 884 2197 939 lateri
2231 879 2387 951 spado,

468 975 565 1045 qui
605 989 811 1044 regem
847 974 1087 1027 intuens
1122 990 1136 1028 :
1184 995 1207 1022 ι.
1242 972 1395 1036 Quid
1433 973 1669 1040 mirum,
1711 975 1922 1043 inquit,
1963 977 2055 1028 est
2097 972 2283 1027 inania
2317 981 2388 1020 se·

466 1063 670 1134 pulcra
721 1077 856 1115 esse
906 1077 1140 1132 regum,
1173 1077 1309 1115 cum
1350 1063 1764 1130 satraparum*
1792 1064 2004 1118 domus
2053 1076 2252 1117 aurum
2289 1055 2389 1111 inde

467 1153 740 1221 egestum
769 1165 977 1219 capere
1008 1166 1125 1204 non
1157 1149 1439 1219 possint?
1470 1149 1642 1214 Quod
1681 1151 1753 1205 ad
1784 1168 1878 1205 me
1910 1151 2143 1216 attinet,
2176 1151 2289 1219 ipse
2311 1145 2391 1198 hoe

466 1240 708 1293 bustum
739 1242 909 1294 antea
942 1254 1065 1292 non
1089 1239 1378 1304 videram,
1402 1237 1507 1293 sed
1529 1255 1602 1294 ex
1622 1240 1803 1294 Dario
1825 1241 1907 1293 ita
1930 1242 2155 1309 accepi,
2178 1255 2237 1298 ιιι
2255 1233 2390 1290 millia

465 1326 789 1382 talentum*
820 1328 1056 1382 condita
1099 1342 1233 1382 esse
1277 1343 1415 1380 curn
1456 1327 1629 1397 Cyro.
1672 1329 1823 1382 Hinc
1864 1329 1962 1381 illa
2001 1325 2322 1399 benignitas
2351 1321 2391 1372 iu

466 1419 544 1484 te,
578 1419 660 1481 ut,
698 1417 854 1487 quod
892 1417 1126 1486 impune
1174 1415 1395 1471 habere
1445 1433 1563 1472 non
1611 1420 1840 1487 poterat
1867 1417 2138 1484 Orsines,
2170 1409 2390 1470 donando

469 1506 645 1561 etiam
673 1506 923 1576 gratiam
954 1505 1153 1559 iniret.
1190 1527 1213 1554 »ι
1247 1503 1658 1559 Concitaverat
1678 1506 1806 1576 ¹jam
1837 1507 2105 1560 animum
2134 1507 2193 1559 in
2220 1497 2388 1560 iram⁸⁸»

469 1610 602 1648 cum
631 1594 710 1658 hi,
745 1594 961 1664 quibus
992 1594 1300 1663 negotium
1331 1594 1487 1647 idem
1515 1593 1772 1661 dederat,
1809 1595 2257 1663 superveniunt.
2282 1587 2390 1642 Hinc

470 1684 731 1754 Bagoas,
771 1683 905 1737 hinc
942 1684 1015 1736 ab
1055 1697 1126 1737 eo
1167 1681 1500 1746 subornati,
1542 1682 1715 1737 falsis
1764 1683 2117 1737 criminibus
2164 1675 2391 1747 occupant

472 1788 668 1828 aures.
702 1772 1029 1842 Antequam
1069 1773 1341 1826 accusari
1382 1787 1448 1825 se
1485 1773 1908 1842 suspicaretur,
1940 1772 2194 1827 Orsines
2221 1773 2275 1824 in
2297 1766 2389 1819 viu-

473 1862 605 1918 cula
644 1865 735 1915 est
772 1861 1042 1915 traditus
1075 1861 1215 1914 Non
1263 1864 1581 1916 contentus
1624 1863 1913 1932 supplicio
1956 1864 2235 1931 insontiS,
2260 1852 2390 1927 spado

473 1952 603 2022 ipse
634 1950 921 2005 morituro
952 1965 1187 2007 manum
1223 1949 1450 2021 injecit.
1475 1949 1660 2014 Quem
1680 1950 1928 2006 Orsines
1958 1952 2235 2007 intuens:
2267 1967 2287 1999 ι
2306 1946 2391 1999 Λιι-

474 2040 717 2108 dieram,
751 2037 961 2109 inquit,
1004 2039 1063 2091 in
1092 2038 1239 2092 Asia
1280 2038 1419 2093 olim
1466 2054 1752 2110 regnasse
1800 2038 2135 2107 feminas³‘,
2168 2041 2268 2093 hoc
2292 2044 2390 2086 vero

476 2143 700 2182 novum
729 2130 817 2181 est
846 2143 1099 2198 regnare
1131 2126 1458 2198 spadonem
1482 2127 1494 2180 Ξ
1530 2146 1552 2176 »
1588 2126 1698 2181 Hic
1726 2126 1835 2180 fuit
1865 2131 2061 2181 exitus
2090 2117 2393 2184 nobilissimi

479 2217 820 2283 Persarum,
849 2231 957 2269 nec
985 2216 1246 2269 insontis
1275 2216 1473 2283 mod0,
1507 2216 1614 2270 sed
1644 2218 1875 2271 eximiae
1907 2233 2140 2288 quoque
2167 2207 2392 2283 benigni·-

478 2305 614 2362 tatis
645 2307 704 2359 in
735 2321 961 2377 regem.

553 2394 775 2450 Eodem
826 2398 1095 2463 tempore
1152 2393 1501 2465 Phradates,
1553 2388 2162 2466 regnum‘affectasse
2202 2399 2393 2459 suspec-

482 2484 581 2537 tus
600 2482 661 2551 ³⁸,
707 2481 1012 2536 occiditur.
1052 2480 1324 2552 Coeperat
1353 2497 1459 2536 rex
1505 2497 1639 2536 esse
1683 2497 1952 2551 praeceps
2001 2484 2074 2536 ad
2119 2487 2393 2552 repraesen-

359 2583 430 2639 4ο
485 2571 659 2627 tanda
693 2570 1004 2640 supplicia,
1035 2571 1173 2625 item
1202 2571 1276 2624 ad
1305 2570 1599 2624 deteriora
1627 2571 1917 2627 credenda
1942 2589 1953 2623 ε
1989 2573 2398 2625 scilicetresse-

487 2661 692 2715 eundae
720 2661 921 2713 valent
950 2663 1311 2714 commutare
1330 2659 1370 2686 ³⁶
1399 2662 1688 2727 naturam,
1720 2662 1775 2713 et
1805 2675 1935 2712 raro
1968 2661 2270 2728 quisquam
2294 2660 2394 2719 erg&

487 2750 644 2805 bona
673 2765 780 2803 sua
801 2750 840 2777 ³⁷
865 2750 1011 2803 satis
1040 2753 1247 2803 cautus
1271 2751 1382 2803 est.
1431 2747 1593 2801 Idem
1640 2749 1796 2801 enim
1838 2747 2016 2817 paulo
2067 2745 2250 2809 ante³⁸
2281 2743 2395 2807 Lyn·

491 2845 710 2894 cestem
747 2838 1164 2907 Alexandrum,
1196 2836 1452 2890 delatum
1480 2851 1513 2888 a
1551 2836 1780 2889 duobus
1810 2835 2135 2905 iudicibus,
2167 2834 2393 2889 damnare

366 2937 431 2990 41
493 2945 610 2984 non
639 2928 1004 2984 sustinuerat
1020 2925 1091 2989 ⁸⁹;
1121 2924 1470 2981 humiliores
1499 2939 1731 2994 quoque
1755 2938 1893 2978 reos
1922 2929 2126 2979 contra
2154 2936 2299 2979 suam
2323 2926 2395 2969 θ’θ’

547 3145 616 3187 82.
647 3141 829 3191 Sotium,
857 3140 903 3184 le
932 3139 1164 3193 cercueil,
1193 3148 1302 3181 sens
1330 3135 1426 3190 tres
1455 3147 1579 3182 rare.

550 3206 623 3249 83.
656 3204 707 3246 In
738 3202 848 3247 iram
884 3201 1184 3247 concitaverat
1208 3200 1331 3243 n'est
1359 3210 1443 3254 pas
1471 3211 1564 3244 une
1592 3200 1796 3245 locution
1815 3202 2061 3257 classique.

550 3270 623 3311 34.
656 3264 880 3308 Fenu'mw.
912 3264 1121 3308 Allusion
1144 3263 1170 3306 ὲ
1198 3261 1486 3306 semiramis.

551 3330 624 3369 35.
659 3324 894 3374 Suspectus
920 3337 1037 3369 avec
1065 3324 1304 3369 l'infinitii.
1339 3322 1413 3367 Cf.
1453 3326 1522 3374 IX,
1544 3335 1594 3377 x,
1622 3329 1736 3369 note
1762 3325 1831 3369 21.

551 3389 620 3430 36.
657 3383 801 3435 Valeo,
832 3394 937 3428 avec
957 3386 1162 3440 l’inflnit'‚
1190 3390 1264 3428 est
1284 3385 1435 3439 plutot
1463 3385 1693 3441 poetique.

554 3450 622 3490 37.
654 3445 774 3487 Bona
792 3454 890 3496 sua,
921 3447 1148 3490 entendez
1167 3458 1239 3489 rea
1257 3447 1494 3492 secundas.

555 3510 622 3551 38.
653 3502 790 3545 Paulo
813 3508 936 3557 ante,
963 3509 1049 3559 vn,
1070 3519 1101 3558 1,
1130 3512 1178 3560 63
1201 3510 1310 3560 vul,
1336 3519 1437 3559 vm,
1464 3512 1507 3552 6.

557 3569 624 3610 39.
656 3562 941 3607 sustinuerat
967 3575 1082 3609 avec
1099 3568 1339 3610 l'inflnitir.
1373 3570 1443 3612 Cf.
1478 3567 1548 3622 lv,
1569 3582 1630 3622 iv,
1660 3578 1767 3616 note
1793 3576 1859 3617 ss.
