2517 3975
272 380 337 435 13

273 648 338 703 14

267 1003 336 1058 15

235 1445 340 1501 ‘16

274 1812 337 1865 17

391 253 460 308 48
1149 269 1206 313 Q.
1248 271 1419 308 cunm
1461 271 1597 308 nni-1

391 380 566 432 vante
611 376 869 432 fortuna.
917 378 985 431 In
1015 378 1220 433 eodem
1250 396 1431 452 grege
1470 395 1622 435 uxor
1653 393 1887 449 quoque
1923 378 2192 451 ejusdem
2219 379 2366 435 Ochi

392 467 504 521 fuit
531 467 925 537 Oxathrisque
964 497 1030 507 —
1069 468 1250 523 frater
1278 468 1375 523 hic
1415 471 1537 523 erat
1579 468 1742 523 Darii
1770 498 1843 508 -
1871 466 2010 536 filia,
2054 474 2111 522 et
2149 469 2369 541 conjux

392 556 687 621 Artabazi,
713 555 1004 625 principis
1034 559 1515 626 purpuratorum,
1547 556 1846 627 filiusque,
1877 558 1972 611 cui
2003 557 2231 613 Ilioneo
2261 557 2372 613 fuit

391 644 680 699 nomen¹⁰.
715 644 1080 699 Pharnazabi
1111 661 1362 715 quoque,
1390 647 1484 699 cui
1516 660 1814 699 summum
1843 646 2160 715 imperium
2188 648 2369 701 mari-

394 735 550 789 timae
579 748 701 788 orae
730 749 834 787 rex
870 734 1130 800 dederat,
1165 749 1319 788 uxor
1349 749 1483 788 eum
1512 733 1630 787 filio
1663 738 1908 803 excepta
1935 735 2053 802 est3
2079 734 2369 790 Mentoris

393 823 527 877 filiae
557 825 681 877 tres
710 838 777 878 ac
805 822 1166 877 nobilissimi
1197 822 1369 877 ducis
1401 822 1736 878 Memnonis
1769 822 2032 894 conjux¹¹
2066 824 2123 877 et
2154 823 2318 879 tilius
2351 841 2365 877 t

392 912 612 982 vixque
657 910 779 963 ulla
824 909 1032 964 domus
1089 910 1401 980 purpurati
1428 910 1449 932 *
1500 910 1608 965 fuit
1657 912 1833 964 tantae
1883 908 2069 964 cladis
2124 927 2366 982 expers,

393 1001 538 1055 Item
567 1000 720 1069 capti
751 1002 891 1053 sunt
922 999 1349 1053 Lacedaemonii
1380 1002 1436 1053 et
1465 998 1881 1066 Athenienses,
1916 1000 2219 1053 societatis
2251 1000 2367 1055 fide

393 1087 635 1155 violata,
689 1087 903 1141 Persas
960 1091 1143 1142 secuti
1165 1106 1177 1152 ;
1202 1086 1602 1158 'Aristogiton
1652 1090 1707 1141 et
1754 1088 2047 1157 Dropides
2094 1090 2151 1142 et
2205 1088 2370 1158 Iphi-

395 1180 607 1241 crateS,
641 1177 796 1230 inter
828 1176 1223 1231 Athenienses
1253 1192 1476 1249 genere
1507 1175 1774 1245 famaque
1802 1176 1980 1245 longe
2008 1177 2367 1249 clarissimi3

394 1265 828 1320 Lacedaemonii
862 1263 1193 1334 Pausippus
1225 1268 1279 1319 et
1308 1264 1795 1319 Onomastorides
1839 1280 1970 1318 cum
2020 1266 2280 1320 Monimo
2313 1270 2374 1321 et

393 1353 785 1422 Callicratide,
817 1353 878 1407 hi
909 1369 1146 1424 quoque
1177 1354 1335 1408 domi
1365 1352 1615 1409 nobiles.

465 1442 704 1497 Summa
746 1443 1010 1513 pecuniae
1060 1442 1313 1513 signatae
1330 1443 1370 1470 ¹³
1415 1442 1520 1496 fuit
1569 1442 1857 1496 talentum
1877 1440 1957 1469 ¹³*
1996 1458 2037 1494 11
2074 1441 2262 1495 millia
2315 1444 2376 1497 et

395 1533 694 1598 sexcenta,
731 1531 868 1585 facti
910 1533 1139 1602 argenti
1165 1531 1204 1559 ¹⁴
1240 1532 1475 1601 pondus
1516 1531 1842 1602 quingenta
1879 1530 2163 1600 aequabat.
2194 1532 2375 1589 Prae-

393 1626 555 1676 terea
594 1637 718 1673 xxx
757 1619 941 1673 millia
989 1619 1317 1688 hominurn,
1352 1636 1486 1674 cum
1533 1637 1616 1673 vn
1663 1619 1929 1674 millibus
1962 1620 2376 1691 jumentorum

395 1708 577 1763 dorso
611 1723 795 1762 onera
823 1709 1206 1777 portantium,
1237 1711 1406 1779 capta
1432 1712 1589 1763 sunt.

465 1796 738 1851 Ceterum
767 1798 941 1850 tantae
969 1797 1224 1851 fortunae
1255 1797 1620 1866 proditorem
1652 1797 1731 1865 di,
1767 1798 1888 1851 seri
1920 1812 2080 1867 saepe
2110 1797 2372 1866 ultores,

393 1885 663 1940 celeriter
693 1883 887 1939 dehita
920 1901 1091 1954 poena
1129 1888 1435 1956 persecuti
1466 1889 1623 1941 sunt.
1676 1887 1943 1959 Namque
1973 1902 2129 1941 unus
2158 1904 2189 1942 e
2226 1904 2376 1942 con-

393 1975 536 2033 sciis
564 1974 719 2047 ejuS‚
752 1974 949 2043 credo,
995 1975 1162 2046 regis
1193 1976 1384 2031 vicem
1417 1976 1590 2030 etiam
1619 1976 1681 2030 in
1714 1974 1817 2030 illa
1847 1979 2011 2031 sorte
2045 1976 2374 2046 reveritus,

393 2063 687 2120 interfecti
716 2064 1042 2134 proditoris
1074 2068 1248 2135 caput
1280 2064 1352 2118 ad
1385 2065 1627 2118 Darium
1662 2065 1813 2130 tulit,
1838 2070 2232 2136 opportunum
2270 2082 2379 2121 so-

393 2152 608 2207 lacium
627 2154 667 2179 ¹³
694 2152 928 2221 prodito
955 2170 966 2205 :
992 2152 1210 2222 quippe
1239 2156 1296 2209 et
1324 2152 1487 2206 ultus
1514 2151 1820 2206 inimicum
1850 2156 1990 2219 erat,
2025 2155 2083 2206 et
2101 2152 2379 2206 nondum

393 2242 456 2294 in
502 2242 763 2295 omnium
804 2241 1018 2294 animis
1067 2242 1418 2298 memoriam
1484 2239 1814 2312 maJestatis
1857 2257 1981 2295 suae
2024 2241 2383 2297 exolevisse

395 2332 695 2386 cernebat.

448 2500 521 2542 10.
557 2498 638 2541 Cui
667 2497 838 2542 Ilioneo
861 2497 951 2551 suit
983 2507 1149 2539 nomen.
1169 2498 1295 2539 Dans
1320 2495 1390 2540 les
1426 2493 1742 2549 expressions,
1766 2495 1905 2538 alicui
1929 2507 2082 2539 nomen
2110 2499 2193 2554 est,
2212 2507 2389 2542 nomen

399 2560 549 2604 datum
569 2565 656 2604 est.
673 2591 734 2610 ..,
762 2561 807 2603 le
828 2570 935 2602 nom
974 2558 1126 2601 meme
1155 2569 1206 2601 se
1244 2562 1341 2601 met
1369 2559 1459 2601 soit
1495 2569 1554 2600 au
1583 2556 1824 2609 nominatis
1843 2557 1925 2609 (en
1953 2558 2212 2612 apposition
2240 2557 2268 2600 a
2309 2572 2391 2603 no·

396 2622 507 2675 men)
527 2633 544 2665 .·
570 2621 775 2665 Gorde'um
794 2633 942 2664 nomen
964 2624 1032 2664 eat
1046 2620 1143 2663 arbi
1167 2620 1345 2673 (Quinte
1361 2619 1512 2673 Curre,
1535 2622 1607 2673 111,
1629 2631 1663 2671 1,
1682 2618 1812 2673 12)-
1833 2619 1925 2662 soit
1941 2631 1998 2662 au
2020 2618 2142 2673 datis
2156 2620 2258 2674 (par
2278 2633 2390 2666 une

396 2681 642 2726 attraction
685 2681 876 2727 exercee
910 2693 994 2736 par
1040 2680 1236 2735 alicui).·
1282 2681 1431 2736 Scipio
1451 2681 1522 2724 cui
1558 2683 1716 2735 postea
1752 2681 1962 2734 Africano
2004 2691 2231 2733 cognomen
2262 2684 2393 2735 suit.

399 2744 556 2797 (Sall.‚
584 2745 702 2797 λαμ,
729 2745 800 2798 5.)
826 2768 870 2776 -
901 2743 1200 2798 Quelquefois
1230 2745 1357 2787 aussi
1389 2745 1435 2787 le
1457 2754 1566 2786 nom
1595 2748 1666 2786 est
1693 2754 1752 2785 au
1779 2741 1959 2797 genitis,
1981 2753 2159 2786 comme
2192 2743 2393 2798 depen-

394 2807 507 2851 dant
533 2806 589 2850 de
619 2818 792 2849 nomen.
821 2807 868 2858 Q.
901 2807 1080 2850 Metello
1107 2817 1338 2859 coynoncen
1368 2804 1636 2849 Macedonici
1667 2804 1853 2847 inditum
1874 2808 1941 2848 est
1964 2805 2126 2859 (vett.,
2156 2807 2193 2858 1,
2218 2808 2290 2861 Ξ).

453 2874 517 2913 11.
546 2868 782 2911 Memnonis
823 2871 991 2921 conjnx.
1022 2873 1232 2920 Barsine,
1260 2869 1356 2912 fille
1393 2868 1680 2922 d’Artabase,
1710 2867 1823 2911 dont
1851 2868 2108 2911 Alexandro
2145 2874 2229 2912 eut
2267 2872 2397 2926 plus

396 2929 500 2975 tard
526 2941 590 2974 un
615 2931 690 2975 fils
720 2931 898 2976 nomme
927 2932 1143 2976 Hercule.

450 2998 517 3037 12.
547 2991 742 3036 Pecunia
759 2994 953 3048 signata,
973 2998 1138 3049 argent
1166 2991 1414 3048 monnaye.

450 3057 520 3101 13.
561 3055 799 3099 Talentum.
844 3059 904 3099 Le
935 3056 1101 3111 genitis
1133 3056 1304 3110 pluriel
1332 3056 1414 3099 des
1444 3065 1576 3098 noms
1606 3053 1664 3098 de
1702 3055 1957 3110 monnaies,
1988 3054 2044 3098 de
2073 3055 2211 3109 poids
2244 3063 2298 3102 et
2335 3059 2402 3103 de

395 3127 627 3170 mesureS,
657 3129 708 3162 se
736 3118 879 3162 forme
903 3117 1195 3173 quelquefois
1225 3129 1285 3162 en
1306 3129 1374 3161 um
1403 3129 1464 3161 au
1491 3117 1588 3161 lieu
1610 3117 1667 3161 de
1691 3128 1828 3161 orum.
1855 3117 1999 3170 Ainsi,
2024 3129 2082 3161 on
2101 3116 2215 3163 dit:
2247 3121 2405 3165 Num-

396 3192 526 3231 mum,
552 3181 818 3231 sestertium,
859 3181 1102 3234 denarium,
1135 3181 1363 3234 talentum,
1402 3180 1611 3233 modium,
1641 3179 1916 3231 medimnum,
1942 3186 2127 3224 surtout
2156 3182 2314 3235 apres
2353 3185 2408 3231 le

393 3246 490 3286 mot
509 3243 669 3296 millia,
699 3253 877 3286 comme
900 3243 1015 3286 dans
1043 3243 1088 3286 la
1122 3243 1292 3297 phrase
1323 3243 1542 3297 presente
1567 3243 1625 3287 de
1653 3242 1823 3294 Quinte
1852 3244 2010 3286 Curce.

451 3309 520 3350 14.
555 3306 991 3359 Arqentumsactum,
1020 3311 1186 3360 argent
1213 3303 1444 3349 travaille.

448 3374 519 3413 15.
557 3369 850 3423 Opportunum
873 3366 1103 3410 solacium.
1138 3368 1409 3423 Apposition
1428 3379 1456 3410 a
1482 3367 1529 3411 la
1555 3366 1844 3422 proposition
1873 3365 2071 3412 entiere.
2096 3367 2162 3412 Cf.
2192 3373 2319 3417 note
2345 3376 2405 3418 8.
