2517 3975
620 250 1012 291 nis-romanum
1048 249 1379 290 anaxanmm
1418 248 1499 297 v1,
1539 249 1598 289 v.
1981 228 2085 284 177

169 347 443 424 Frequens
469 356 700 412 arbor³⁰
745 358 958 415 faeiem
1003 375 1260 432 quereus
1307 348 1500 421 habet,
1530 354 1705 427 eujus
1732 353 1874 408 folia
1901 353 2084 408 multo
2142 352 2210 408 29.

166 441 314 497 melle
347 443 644 518 tinguntur
669 449 729 516 ⁴⁰,
776 451 900 522 sed,
933 451 1053 517 nisi
1090 449 1239 505 solis
1279 450 1472 504 ortum
1509 445 1719 501 ineolae
1760 458 2088 515 occupave-

165 533 262 587 rint
282 533 338 599 ⁸¹,
360 535 453 588 vel
480 537 705 593 modico
734 541 939 610 tepore
961 557 1141 597 sueus
1170 536 1588 610 exstinguitur.

223 640 333 676 xxx
349 623 483 679 hine
501 627 718 682 stadia*
732 634 1135 700 processerat,
1157 645 1291 683 eum
1310 626 1789 696 Phrataphernes
1808 625 1861 678 ei
1884 639 2089 679 oeeur-
2141 619 2212 675 23

165 710 245 774 rit,
287 727 461 782 seque
493 717 551 769 et
576 731 706 783 eos,
760 717 858 788 qui
906 722 1041 788 post
1074 718 1237 773 Darii
1266 718 1516 771 mortem
1544 711 1953 785 profugorum,
1986 712 2088 767 de-

166 797 288 854 dens
314 815 326 854 ε
357 802 566 872 quibus
607 803 867 878 benigne
915 808 1197 879 exeeptiS‚
1240 806 1313 860 ad
1361 804 1638 875 oppidum
1676 802 1868 856 Arvas
1885 801 1928 828 ⁴²
1956 817 2087 871 per·

66 938 67 941 ,
165 889 320 942 venit.
365 890 474 946 Hie
509 894 564 946 ei
603 892 879 949 Craterus
916 899 972 951 et
1010 896 1296 967 Erigyius
1336 895 1655 949 occurrunt
1687 908 1701 945 t
1741 888 2087 960 praefectum
2142 886 2212 943 24

66 976 69 1043 ζ
162 973 490 1046 Tapurorum
509 981 551 1009 ⁴⁸
580 983 777 1052 gentis
806 984 1155 1039 Phradatem
1184 983 1570 1038 adduxerant.
1603 980 1717 1035 Hie
1745 995 2001 1050 quoque,
2024 980 2087 1034 in

66 1052 69 1155 ζ
162 1064 305 1121 fldem
337 1074 627 1145 receptum
657 1072 861 1127 multis
897 1074 1163 1145 exemplo
1195 1073 1307 1128 fuit
1333 1069 1678 1144 experiendi
1714 1070 2088 1125 elementiam

162 1155 319 1225 regis,
337 1156 621 1230 Satrapen
642 1160 717 1187 ⁴⁴*
738 1160 946 1218 deinde
969 1163 1284 1235 Hyrcaniae
1304 1160 1463 1217 dedit
1485 1159 1747 1228 Minapin
1771 1177 1783 1214 :
1809 1158 1945 1214 exul
1967 1157 2081 1223 hie,
2141 1156 2213 1210 25

68 1238 69 1241 ’
158 1249 404 1315 regnante
440 1248 621 1315 Ocho,
657 1249 729 1303 ad
769 1250 1103 1322 Philippum
1140 1253 1510 1323 pervenerat.
1543 1250 1915 1323 Tapurorum
1944 1263 2085 1319 quo·

158 1344 250 1401 que
276 1339 499 1406 gentem
531 1336 804 1393 Phradati
832 1339 1106 1395 reddidit.

935 1621 1185 1677 CAPUT
1223 1622 1276 1675 V

66 1814 69 1819 -
150 1782 418 1840 Generosite
459 1789 823 1840 d’Alexandre.
862 1818 925 1828 —
954 1790 1287 1840 Soumission
1329 1791 1422 1839 des
1472 1789 1697 1839 Mardes.
1731 1816 1788 1826 -
1823 1790 2086 1839 Eutrevue

482 1869 826 1921 d'Alexandre
859 1884 986 1920 aveo
1018 1870 1069 1919 la
1101 1871 1245 1919 reine
1280 1870 1374 1919 des
1407 1871 1716 1919 AmazoneS.

892 2015 1151 2071 (Automne,
1179 2014 1305 2070 330.)

201 2189 431 2266 Jamque
487 2195 693 2250 ultima
740 2193 1074 2266 Hyrcaniae¹
1136 2195 1482 2258 intraverat,
1540 2208 1672 2247 eum
1731 2190 2077 2257 Artabazus,
2141 2188 2169 2241 1

145 2292 291 2348 quem
352 2284 536 2338 Dario
580 2283 933 2338 fidissimum
982 2282 1171 2338 fuisse
1211 2282 1424 2353 supra*
1479 2281 1757 2349 diximuS,
1785 2297 1919 2335 eum
1946 2296 2083 2352 pro-

141 2366 350 2440 pinquis
380 2372 550 2426 Darii
579 2388 648 2427 ae
693 2373 822 2427 suis
850 2370 1055 2427 liberis
1080 2371 1425 2444 modicaque
1460 2369 1802 2425 Graecorum
1831 2369 2081 2426 militum

70 2457 73 2534 ᾗ
140 2470 289 2513 manu
319 2462 600 2518 occurrit.
635 2462 912 2516 Dextram
940 2460 1199 2516 venienti
1215 2460 1424 2515 obtulit
1443 2476 1548 2515 rex
1575 2477 1587 2513 :
1619 2460 1834 2530 quippe
1865 2462 1921 2514 et
1951 2459 2084 2513 hos-
2138 2456 2172 2510 2

70 2535 77 2622 l
139 2558 221 2614 pes
242 2548 497 2621 Philippi
528 2548 738 2616 fuerat,
772 2566 927 2616 oum,
959 2547 1155 2605 Oeho⁸
1185 2552 1498 2620 regnante,
1530 2548 1814 2619 exularet,
1853 2550 1910 2604 et
1942 2548 2083 2603 hos-

172 2766 236 2813 39.
266 2768 425 2814 Arbor.
451 2769 664 2813 L’eeoree
687 2770 746 2814 do
764 2774 838 2813 eet
859 2770 994 2813 arbre
1021 2768 1195 2814 distillo
1213 2781 1306 2813 une
1324 2775 1446 2814 sorte
1461 2769 1521 2813 de
1538 2779 1727 2815 manne.

171 2827 235 2878 40.
270 2831 516 2886 Tinouneur
546 2836 649 2875 sont
682 2832 1142 2887 trempees.Tinaere
1168 2842 1354 2886 corpora
1379 2831 1578 2885 nmine.
1603 2842 1653 2874 se
1691 2831 1885 2886 baigner
1904 2831 2081 2887 (Ovid.‚

133 2887 230 2942 168..
253 2896 337 2948 ΧΠ,
359 2894 476 2950 413).
501 2897 563 2936 De
584 2893 632 2937 la
658 2896 702 2938 le
722 2905 829 2937 sens
860 2895 915 2937 de
944 2899 1145 2949 tremper
1171 2894 1288 2937 dans
1316 2904 1408 2938 une
1428 2895 1634 2945 couleur,
1659 2893 1860 2939 teindre.

168 2956 233 3002 ⁴¹.
267 2954 603 3012 occupaverint,
633 2955 877 2999 devaneer.

168 3018 237 3062 42.
264 3019 422 3070 Arvas,
448 3029 541 3062 une
558 3018 642 3063 des
660 3018 945 3074 principales
967 3018 1102 3062 villes
1125 3018 1184 3063 de
1212 3017 1491 3074 l'Hyreanio,
1514 3018 1666 3073 plutot
1694 3029 1874 3062 connue
1903 3030 2014 3063 sous
2031 3018 2078 3063 le

129 3083 215 3120 nom
241 3079 296 3123 de
329 3080 624 3124 zadraoarta.

168 3143 229 3186 ⁴8.
264 3141 550 3197 Tapurorum.
567 3146 651 3186 Les
670 3146 865 3198 'rapyres
895 3143 1148 3188 hahitaient
1180 3142 1206 3186 a
1222 3142 1324 3186 eote
1352 3143 1437 3188 des
1463 3144 1747 3197 nyroanienn
1765 3155 1826 3186 au
1844 3144 1932 3187 sud
1957 3144 2013 3187 de
2034 3146 2078 3188 la

127 3200 394 3259 Caspienn03
423 3203 637 3248 e'etaient
659 3203 962 3249 d'exeellents
983 3205 1243 3249 cavallers..

167 3268 232 3309 ⁴4.
264 3267 494 3322 Satrapen.
517 3267 748 3310 accusatif
762 3278 886 3321 gree.

169 3324 215 3371 V.
240 3351 288 3361 —-
310 3332 349 3372 ι.
376 3328 545 3373 Ultima
566 3329 820 3383 Hyr-canica.
847 3329 1051 3385 Adiectit'
1063 3336 1230 3375 neutra
1256 3341 1370 3375 aveo
1392 3342 1459 3375 un
1482 3330 1653 3385 genitis
1680 3331 1878 3386 partitis.
1908 3331 1977 3374 Cf.
2005 3334 2075 3384 111,

127 3395 192 3440 vu,
209 3396 313 3434 note
343 3395 417 3435 ss.

166 3453 206 3496 Ξ.
232 3451 398 3507 Supra,
418 3458 467 3508 V,
491 3465 561 3505 ix,
583 3458 632 3506 1;
658 3458 706 3509 V,
730 3465 816 3506 ιιι,
836 3458 878 3500 8.

129 3512 206 3614 113.
235 3516 412 3569 ochus,
431 3528 621 3560 surnom
640 3516 972 3562 d’Artaxerxes
998 3520 1075 3561 111.
1106 3517 1179 3564 cr.
1201 3519 1246 3561 le
1266 3518 1465 3562 Tableau
1494 3518 1577 3562 des
1601 3517 1692 3561 rois
1721 3513 2073 3568 Achememdes,

156 3577 183 3622 1.
211 3587 259 3625 ιι,
288 3582 405 3620 note
429 3584 471 3625 ί.
