2517 3975
278 1873 350 1927 10

277 2153 342 2208 11

416 229 487 283 74
1181 245 1234 288 Q.
1278 244 1448 283 emm
1488 245 1621 282 Rem

416 353 666 426 gravius
695 353 1017 424 castigatur
1045 367 1221 423 quam
1252 353 1437 407 ullum
1465 352 1774 423 probrum,
1815 368 1926 408 nec
1953 369 2231 425 magnam
2257 371 2378 411 rem

414 444 609 514 magis
648 443 933 497 sustineri
960 457 1139 510 posse
1185 442 1434 495 eredunt
1466 442 1538 495 ab
1579 458 1668 510 e0,
1712 442 1807 496 cui
1836 445 2028 496 tacere
2067 458 2246 514 grave
2279 445 2375 510 sit„

413 532 571 604 quod
601 531 826 584 homini
857 530 1195 585 facillimum
1234 531 1491 584 voluerit
1522 546 1657 585 esse
1695 534 1925 585 natura.
1966 531 2050 585 Ob
2077 531 2228 586 hanc
2255 549 2385 589 eau-

413 636 543 675 sam
587 619 936 686 Alexander,
982 620 1279 687 omnium,
1333 635 1462 690 quae
1525 620 1678 688 apud
1733 621 1962 674 hostem
2013 632 2378 692 gererentur,

410 708 685 777 ignaruS‚
743 709 953 762 urbem
1001 707 1211 762 Gazam
1271 707 1607 764 obsidebat.
1674 708 1934 763 Praeerat
2009 709 2144 762 urbi
2203 710 2379 777 Betis,

410 798 644 852 eximiae
693 798 754 850 in
797 811 1002 867 regem
1058 813 1232 853 suum
1273 796 1427 865 fidei,
1468 797 1816 868 modicoque
1859 796 2139 866 praesidio
2177 814 2379 855 muros

409 887 673 957 ingentis
728 887 928 954 operis
991 885 1286 941 tuebatur.
1346 885 1688 939 Alexander
1709 925 1726 949 ,
1783 885 2074 940 aestimato
2121 888 2379 943 locorum

409 974 548 1039 situ,
573 974 670 1043 agi
692 973 1001 1026 cuniculos
1021 974 1040 993 *
1069 972 1265 1043 jussit,
1291 972 1449 1026 facili
1479 989 1545 1026 ac
1571 973 1688 1026 levi
1718 973 1896 1027 humo
1929 976 2266 1043 acceptante
2288 991 2383 1030 oc·

407 1063 630 1116 cultum
661 1077 808 1129 opus
844 1080 855 1114 ε
890 1061 1106 1130 quippe
1135 1061 1376 1115 multam
1400 1077 1641 1115 arenam
1658 1063 1917 1117 vicinum
1946 1078 2107 1116 mare
2138 1066 2374 1132 evomit,

408 1165 516 1203 nec
545 1165 691 1202 saxa
725 1153 1025 1220 cotesque,
1060 1164 1189 1219 quae
1214 1150 1599 1219 interpellent
1628 1166 1868 1220 specus,
1902 1149 2158 1204 obstant.
2192 1151 2380 1222 Igitur

408 1237 480 1291 ab
513 1253 581 1291 ea
615 1241 794 1308 parte,
837 1254 1013 1309 quam
1061 1238 1339 1307 oppidani
1383 1239 1728 1307 conspicere
1762 1255 1882 1292 non
1921 1243 2184 1309 possent,
2228 1255 2378 1309 opus

409 1341 603 1393 orsus,
627 1330 745 1380 uta
769 1342 953 1381 sensu
983 1326 1116 1395 ejus
1147 1329 1460 1395 averteret,
1483 1330 1682 1381 turres
1702 1327 1723 1348 *
1744 1328 1933 1381 muris
1963 1327 2268 1383 admoveri
2290 1328 2385 1399 ju-

405 1413 530 1470 bet.
570 1414 685 1469 Sed
735 1415 934 1469 eadem
975 1415 1212 1482 humuS,
1241 1415 1555 1469 movendis
1604 1416 1867 1469 inutilis²
1908 1416 2191 1483 turribuS,
2234 1417 2386 1472 desis

406 1504 578 1557 dente
628 1503 862 1571 sabu10‚
910 1503 1238 1572 agilitatem
1283 1507 1544 1557 rotarum
1575 1508 1801 1557 morata
1831 1503 1934 1574 (et)
1963 1503 2220 1557 tabulata
2258 1509 2386 1559 tur-

403 1592 561 1645 rium
615 1590 1039 1663 perfringebat,
1094 1591 1379 1663 multique
1424 1592 1891 1647 vulnerabantur
1935 1592 2198 1662 impune,
2250 1610 2383 1648 cum

404 1678 557 1732 idem
604 1677 963 1749 recipiendis
1003 1678 1104 1749 qui
1135 1678 1519 1733 admovendis
1571 1678 1841 1733 turribus
1888 1679 2054 1733 labor
2091 1694 2195 1734 eos
2239 1680 2382 1737 fati-

402 1769 589 1839 garet.

474 1854 656 1924 ErgO,
709 1854 976 1925 receptui
1024 1855 1198 1927 signo
1247 1855 1404 1922 dato,
1442 1859 1688 1926 postero
1739 1856 1833 1910 die
1872 1871 2077 1911 muros
2124 1859 2381 1912 corona³

402 1944 759 1999 circumdari
781 1943 979 2016 jussit.
1000 1943 1254 2016 Ortoque
1278 1945 1422 2014 sole,
1446 1946 1797 2017 priusquam
1818 1945 2185 2001 admoveret‘
2215 1962 2383 2003 exer-

400 2036 603 2102 citum,
635 2050 808 2104 opem
830 2035 1037 2089 deum³
1067 2050 1420 2104 exposceuS,
1453 2050 1690 2089 sacrum
1709 2036 1899 2104 patrio
1920 2050 2077 2089 more
2101 2034 2378 2100 faciebat.

401 2123 584 2179 Forte
612 2123 1044 2194 praetervolans
1064 2139 1285 2178 corvus
1311 2124 1568 2194 glebam,
1592 2139 1767 2195 quam
1791 2123 2095 2195 unguibus
2119 2122 2378 2192 ferebat,

400 2214 598 2270 subito
629 2214 860 2267 amisit:
894 2229 1025 2285 quae
1050 2228 1184 2267 cum
1212 2213 1383 2282 regis
1414 2213 1589 2282 capiti
1628 2213 1956 2279 incidisset,
1991 2213 2253 2267 resoluta
2279 2214 2385 2268 de-

402 2301 603 2371 fluxit3
635 2302 766 2371 ipsa
795 2302 992 2355 autem
1021 2301 1150 2354 avis
1171 2300 1234 2353 in
1252 2301 1527 2369 proxima
1548 2304 1710 2356 turre
1739 2300 2032 2356 consedit.
2069 2301 2223 2355 Illita
2255 2303 2383 2356 erat

399 2391 588 2443 turris
615 2390 902 2446 bitumine
934 2406 1002 2443 ac
1043 2388 1348 2458 sulphure,
1382 2390 1446 2442 in
1483 2405 1598 2459 qua
1636 2390 1745 2444 alis
1790 2389 2179 2460 haerentibuS,
2211 2389 2383 2446 frus-—

403 2481 493 2530 tra
515 2494 579 2532 se
609 2479 866 2533 allevare
915 2479 1210 2546 conatus⁰,
1266 2495 1298 2530 a
1338 2480 1861 2534 circumstantibus
1900 2479 2148 2548 capitur.
2182 2479 2386 2550 Digna

403 2581 502 2619 res
530 2565 682 2634 visa,
709 2567 780 2622 de
809 2584 925 2638 qua
955 2570 1121 2621 vates
1142 2566 1160 2585 *
1191 2566 1551 2633 consuleret,
1577 2571 1640 2624 ut
1659 2570 1782 2621 erat
1809 2583 1928 2620 non
1956 2568 2190 2620 intactae
2219 2583 2255 2620 a
2283 2583 2385 2620 su·

403 2654 748 2722 perstitione
778 2657 1021 2709 mentiS.
1061 2654 1223 2724 Ergo
1251 2656 1666 2726 Aristander⁷,
1707 2657 1803 2709 cui
1831 2660 2082 2709 maxima
2112 2656 2261 2710 fides
2281 2655 2388 2708 ha-

402 2739 676 2811 bebatur,
719 2743 883 2800 urbis
929 2743 1167 2815 quidem
1222 2743 1520 2797 excidium
1577 2744 1825 2816 augurio
1857 2744 1877 2763 *
1925 2743 2024 2797 illo
2081 2742 2385 2813 portendi,

454 2946 503 2989 2.
537 2944 739 2998 Inutilis,
772 2946 976 2993 funeste.

454 3009 502 3055 3.
539 3009 724 3063 Corona,
749 3010 1076 3053 sous-entendu
1106 3009 1322 3056 militum.

453 3074 502 3114 4.
536 3070 796 3126 Priusquam
823 3072 1088 3115 admoveret.
1123 3073 1208 3114 Sur
1228 3082 1283 3113 ce
1300 3070 1570 3125 subienctiss
1601 3071 1666 3117 cf.
1694 3074 1765 3124 111,
1791 3082 1870 3123 vn,
1900 3075 2008 3115 note
2023 3071 2100 3117 26.

455 3137 502 3175 5.
536 3133 670 3176 Deum
707 3143 886 3176 comme
905 3133 1102 3177 deorum.
1141 3137 1264 3176 Nous
1293 3143 1436 3175 avons
1461 3145 1521 3175 vu
1550 3133 1655 3186 plus
1689 3134 1800 3176 haut
1837 3132 1927 3187 (111,
1947 3144 2051 3188 xm,
2081 3137 2192 3177 note
2211 3133 2282 3185 16)
2309 3136 2395 3175 ta·-

404 3193 590 3240 lentum.
620 3198 678 3238 Ce
703 3194 878 3248 genitis
901 3206 958 3236 en
979 3207 1062 3248 um,
1087 3196 1166 3249 qui
1192 3201 1261 3237 est
1292 3194 1415 3237 reste
1438 3193 1464 3236 a
1483 3200 1633 3237 tontes
1663 3196 1732 3237 les
1757 3195 1962 3250 epoques
2003 3196 2046 3238 la
2077 3194 2392 3238 terminaison

405 3256 633 3310 reguliere
654 3258 734 3299 des
756 3267 889 3298 noms
908 3256 963 3299 de
983 3268 1167 3300 mesure
1200 3263 1246 3298 et
1265 3257 1383 3298 celle
1413 3257 1495 3300 des
1523 3257 1652 3300 titt-es
1672 3262 1719 3300 et
1740 3257 1956 3311 dignites,
1983 3257 2053 3299 sut
2081 3258 2273 3300 ailleurs
2297 3254 2396 3308 ge'-

402 3318 690 3361 neralement
722 3317 953 3372 templana
990 3330 1071 3371 par
1100 3319 1144 3361 le
1184 3318 1353 3372 genitis
1379 3330 1437 3362 en
1458 3330 1595 3369 orum,
1635 3319 1743 3362 saut¹
1781 3318 2078 3373 quelquefois
2106 3330 2166 3361 en
2195 3317 2389 3373 poesie.

400 3383 608 3433 Auguste
633 3380 750 3423 offre
775 3385 899 3421 cette
925 3380 1067 3421 forme
1096 3381 1221 3423 deum
1241 3381 1356 3422 dans
1396 3392 1478 3423 son
1510 3386 1756 3423 test-ament
1779 3381 2035 3436 potitique:
2066 3382 2160 3425 Duo
2188 3383 2233 3425 et
2263 3382 2397 3424 σειο-
2485 3367 2486 3386 ³

398 3442 528 3494 qima
557 3442 715 3495 templa
746 3442 873 3484 deum
893 3441 1030 3493 refeci
1052 3435 1251 3494 (Edition
1274 3443 1329 3485 de
1351 3445 1619 3497 Mommsen,
1640 3446 1710 3497 lv,
1733 3444 1823 3497 17).

453 3503 499 3545 6.
536 3503 724 3545 Collatus
744 3502 841 3544 doit
866 3513 915 3544 se
936 3500 1192 3544 construire
1213 3513 1322 3545 avec
1341 3515 1511 3549 corvus.

452 3570 501 3611 Ἰ.
535 3564 816 3619 Art'stander,
842 3563 1180 3607 sous-entendu
1200 3563 1340 3607 dixit.
