<?xml version="1.0" encoding="UTF-8"?>
<!DOCTYPE html PUBLIC "-//W3C//DTD XHTML 1.0 Transitional//EN"
    "http://www.w3.org/TR/xhtml1/DTD/xhtml1-transitional.dtd">
<html xmlns="http://www.w3.org/1999/xhtml" xml:lang="en" lang="en">
 <head>
  <title>
</title>
<meta http-equiv="Content-Type" content="text/html;charset=utf-8" />
  <meta name='ocr-system' content='tesseract 3.04.00' />
  <meta name='ocr-capabilities' content='ocr_page ocr_carea ocr_par ocr_line ocrx_word'/>
</head>
<body>
  <div class='ocr_page' id='page_1' title='image "./qcurtirufihisto00brelgoog_0038.png"; bbox 0 0 2517 3975; ppageno 0'>
   <div class='ocr_carea' id='block_1_1' title="bbox 183 547 251 601">
    <p class='ocr_par' dir='ltr' id='par_1_1' title="bbox 183 547 251 601">
     <span class='ocr_line' id='line_1_1' title="bbox 183 547 251 601; baseline 0 0"><span class='ocrx_word' id='word_1_1' title='bbox 183 547 251 601; x_wconf 82' lang='lat'>13</span> 
     </span>
    </p>
   </div>
   <div class='ocr_carea' id='block_1_2' title="bbox 181 991 246 1044">
    <p class='ocr_par' dir='ltr' id='par_1_2' title="bbox 181 991 246 1044">
     <span class='ocr_line' id='line_1_2' title="bbox 181 991 246 1044; baseline 0 0"><span class='ocrx_word' id='word_1_2' title='bbox 181 991 246 1044; x_wconf 88' lang='grc'>14</span> 
     </span>
    </p>
   </div>
   <div class='ocr_carea' id='block_1_3' title="bbox 180 1254 249 1310">
    <p class='ocr_par' dir='ltr' id='par_1_3' title="bbox 180 1254 249 1310">
     <span class='ocr_line' id='line_1_3' title="bbox 180 1254 249 1310; baseline -0.029 0"><span class='ocrx_word' id='word_1_3' title='bbox 180 1254 249 1310; x_wconf 82' lang='grc'>15</span> 
     </span>
    </p>
   </div>
   <div class='ocr_carea' id='block_1_4' title="bbox 181 1433 249 1489">
    <p class='ocr_par' dir='ltr' id='par_1_4' title="bbox 181 1433 249 1489">
     <span class='ocr_line' id='line_1_4' title="bbox 181 1433 249 1489; baseline 0.044 -3"><span class='ocrx_word' id='word_1_4' title='bbox 181 1433 249 1489; x_wconf 86' lang='grc'>16</span> 
     </span>
    </p>
   </div>
   <div class='ocr_carea' id='block_1_5' title="bbox 180 1877 245 1931">
    <p class='ocr_par' dir='ltr' id='par_1_5' title="bbox 180 1877 245 1931">
     <span class='ocr_line' id='line_1_5' title="bbox 180 1877 245 1931; baseline 0 0"><span class='ocrx_word' id='word_1_5' title='bbox 180 1877 245 1931; x_wconf 84' lang='lat'>17</span> 
     </span>
    </p>
   </div>
   <div class='ocr_carea' id='block_1_6' title="bbox 179 2145 246 2198">
    <p class='ocr_par' dir='ltr' id='par_1_6' title="bbox 179 2145 246 2198">
     <span class='ocr_line' id='line_1_6' title="bbox 179 2145 246 2198; baseline 0 0"><span class='ocrx_word' id='word_1_6' title='bbox 179 2145 246 2198; x_wconf 83' lang='lat'>18</span> 
     </span>
    </p>
   </div>
   <div class='ocr_carea' id='block_1_7' title="bbox 308 247 1514 313">
    <p class='ocr_par' dir='ltr' id='par_1_7' title="bbox 308 247 1514 313">
     <span class='ocr_line' id='line_1_7' title="bbox 308 247 1514 313; baseline 0.007 -13"><span class='ocrx_word' id='word_1_7' title='bbox 308 247 376 301; x_wconf 84' lang='lat'>14</span> <span class='ocrx_word' id='word_1_8' title='bbox 1068 269 1120 313; x_wconf 87' lang='lat' dir='ltr'>Q.</span> <span class='ocrx_word' id='word_1_9' title='bbox 1165 268 1339 307; x_wconf 70' lang='lat' dir='ltr'>cum-1</span> <span class='ocrx_word' id='word_1_10' title='bbox 1378 269 1514 308; x_wconf 74' lang='lat' dir='ltr'>nuri</span> 
     </span>
    </p>
   </div>
   <div class='ocr_carea' id='block_1_8' title="bbox 300 370 2345 2218">
    <p class='ocr_par' dir='ltr' id='par_1_8' title="bbox 300 370 2345 2218">
     <span class='ocr_line' id='line_1_8' title="bbox 305 370 2277 447; baseline 0.005 -22"><span class='ocrx_word' id='word_1_11' title='bbox 305 370 496 441; x_wconf 69' lang='lat' dir='ltr'>virgae</span> <span class='ocrx_word' id='word_1_12' title='bbox 541 375 598 426; x_wconf 90' lang='lat' dir='ltr'>et</span> <span class='ocrx_word' id='word_1_13' title='bbox 643 371 793 427; x_wconf 80' lang='lat' dir='ltr'>albae</span> <span class='ocrx_word' id='word_1_14' title='bbox 824 377 1027 428; x_wconf 88' lang='lat' dir='ltr'>vestes</span> <span class='ocrx_word' id='word_1_15' title='bbox 1066 378 1351 446; x_wconf 85' lang='lat' dir='ltr'>regentes</span> <span class='ocrx_word' id='word_1_16' title='bbox 1390 391 1579 447; x_wconf 88' lang='lat' dir='ltr'>equos</span> <span class='ocrx_word' id='word_1_17' title='bbox 1616 375 1985 433; x_wconf 88' lang='lat' dir='ltr'>adornabant</span> <span class='ocrx_word' id='word_1_18' title='bbox 2003 378 2063 431; x_wconf 78' lang='lat'>¹⁶.</span> <span class='ocrx_word' id='word_1_19' title='bbox 2105 377 2277 434; x_wconf 83' lang='lat' dir='ltr'>Haud</span> 
     </span>
     <span class='ocr_line' id='line_1_9' title="bbox 303 459 2274 540; baseline 0.006 -29"><span class='ocrx_word' id='word_1_20' title='bbox 303 459 512 528; x_wconf 82' lang='lat' dir='ltr'>procul</span> <span class='ocrx_word' id='word_1_21' title='bbox 534 462 698 514; x_wconf 86' lang='lat' dir='ltr'>crant</span> <span class='ocrx_word' id='word_1_22' title='bbox 728 461 997 540; x_wconf 82' lang='lat' dir='ltr'>vehicula</span> <span class='ocrx_word' id='word_1_23' title='bbox 1028 463 1249 532; x_wconf 86' lang='lat' dir='ltr'>decem,</span> <span class='ocrx_word' id='word_1_24' title='bbox 1273 466 1454 519; x_wconf 89' lang='lat' dir='ltr'>multo</span> <span class='ocrx_word' id='word_1_25' title='bbox 1477 480 1622 519; x_wconf 87' lang='lat' dir='ltr'>auro</span> <span class='ocrx_word' id='word_1_26' title='bbox 1654 467 2021 536; x_wconf 78' lang='lat' dir='ltr'>argentoque</span> <span class='ocrx_word' id='word_1_27' title='bbox 2051 467 2274 522; x_wconf 83' lang='lat' dir='ltr'>caelata.</span> 
     </span>
     <span class='ocr_line' id='line_1_10' title="bbox 301 547 2277 623; baseline 0.004 -20"><span class='ocrx_word' id='word_1_28' title='bbox 301 547 667 619; x_wconf 75' lang='lat' dir='ltr'>Sequebatur</span> <span class='ocrx_word' id='word_1_29' title='bbox 685 549 811 604; x_wconf 77' lang='lat' dir='ltr'>haec</span> <span class='ocrx_word' id='word_1_30' title='bbox 828 552 1126 621; x_wconf 76' lang='lat' dir='ltr'>equitatus</span> <span class='ocrx_word' id='word_1_31' title='bbox 1149 553 1464 607; x_wconf 78' lang='lat' dir='ltr'>duodecim</span> <span class='ocrx_word' id='word_1_32' title='bbox 1486 554 1770 623; x_wconf 85' lang='lat' dir='ltr'>gentium,</span> <span class='ocrx_word' id='word_1_33' title='bbox 1788 555 1977 609; x_wconf 87' lang='lat' dir='ltr'>variis</span> <span class='ocrx_word' id='word_1_34' title='bbox 2006 556 2190 610; x_wconf 85' lang='lat' dir='ltr'>armis</span> <span class='ocrx_word' id='word_1_35' title='bbox 2219 559 2277 610; x_wconf 86' lang='lat' dir='ltr'>et</span> 
     </span>
     <span class='ocr_line' id='line_1_11' title="bbox 301 637 2272 712; baseline 0.004 -21"><span class='ocrx_word' id='word_1_36' title='bbox 301 637 596 693; x_wconf 77' lang='lat' dir='ltr'>moribus,</span> <span class='ocrx_word' id='word_1_37' title='bbox 635 637 900 693; x_wconf 81' lang='lat' dir='ltr'>Proximi</span> <span class='ocrx_word' id='word_1_38' title='bbox 930 640 1116 709; x_wconf 88' lang='lat' dir='ltr'>ibant,</span> <span class='ocrx_word' id='word_1_39' title='bbox 1149 657 1305 711; x_wconf 90' lang='lat' dir='ltr'>quos</span> <span class='ocrx_word' id='word_1_40' title='bbox 1334 643 1539 697; x_wconf 80' lang='lat' dir='ltr'>Persae</span> <span class='ocrx_word' id='word_1_41' title='bbox 1583 643 2013 698; x_wconf 81' lang='lat' dir='ltr'>Immortales¹⁷</span> <span class='ocrx_word' id='word_1_42' title='bbox 2043 648 2272 712; x_wconf 86' lang='lat' dir='ltr'>vocant,</span> 
     </span>
     <span class='ocr_line' id='line_1_12' title="bbox 304 725 2275 799; baseline 0.004 -21"><span class='ocrx_word' id='word_1_43' title='bbox 304 725 376 778; x_wconf 89' lang='lat' dir='ltr'>ad</span> <span class='ocrx_word' id='word_1_44' title='bbox 404 726 607 779; x_wconf 90' lang='lat' dir='ltr'>decem</span> <span class='ocrx_word' id='word_1_45' title='bbox 634 728 840 783; x_wconf 86' lang='lat' dir='ltr'>millia.</span> <span class='ocrx_word' id='word_1_46' title='bbox 879 727 1088 783; x_wconf 91' lang='lat' dir='ltr'>Cultus</span> <span class='ocrx_word' id='word_1_47' title='bbox 1127 730 1450 799; x_wconf 83' lang='lat' dir='ltr'>opulentiae</span> <span class='ocrx_word' id='word_1_48' title='bbox 1497 731 1769 785; x_wconf 82' lang='lat' dir='ltr'>barbarae</span> <span class='ocrx_word' id='word_1_49' title='bbox 1799 747 1920 785; x_wconf 92' lang='lat' dir='ltr'>non</span> <span class='ocrx_word' id='word_1_50' title='bbox 1949 731 2101 786; x_wconf 79' lang='lat' dir='ltr'>alios</span> <span class='ocrx_word' id='word_1_51' title='bbox 2149 748 2275 785; x_wconf 85' lang='lat' dir='ltr'>ma-</span> 
     </span>
     <span class='ocr_line' id='line_1_13' title="bbox 303 813 2274 888; baseline 0.004 -22"><span class='ocrx_word' id='word_1_52' title='bbox 303 814 403 884; x_wconf 83' lang='lat' dir='ltr'>gis</span> <span class='ocrx_word' id='word_1_53' title='bbox 423 813 462 841; x_wconf 78' lang='lat'>¹⁸</span> <span class='ocrx_word' id='word_1_54' title='bbox 490 814 841 870; x_wconf 80' lang='lat' dir='ltr'>honestabat</span> <span class='ocrx_word' id='word_1_55' title='bbox 874 832 886 871; x_wconf 75' lang='grc' dir='ltr'>ε</span> <span class='ocrx_word' id='word_1_56' title='bbox 932 816 1018 869; x_wconf 92' lang='lat' dir='ltr'>illi</span> <span class='ocrx_word' id='word_1_57' title='bbox 1047 832 1264 872; x_wconf 90' lang='lat' dir='ltr'>aureos</span> <span class='ocrx_word' id='word_1_58' title='bbox 1293 822 1560 888; x_wconf 74' lang='lat' dir='ltr'>torqueS,</span> <span class='ocrx_word' id='word_1_59' title='bbox 1591 818 1677 872; x_wconf 91' lang='lat' dir='ltr'>illi</span> <span class='ocrx_word' id='word_1_60' title='bbox 1709 822 1936 873; x_wconf 87' lang='lat' dir='ltr'>vestem</span> <span class='ocrx_word' id='word_1_61' title='bbox 1976 834 2120 873; x_wconf 86' lang='lat' dir='ltr'>auro</span> <span class='ocrx_word' id='word_1_62' title='bbox 2151 818 2274 873; x_wconf 87' lang='lat' dir='ltr'>dis-</span> 
     </span>
     <span class='ocr_line' id='line_1_14' title="bbox 301 903 2274 976; baseline 0.002 -20"><span class='ocrx_word' id='word_1_63' title='bbox 301 903 543 957; x_wconf 77' lang='lat' dir='ltr'>tinctam</span> <span class='ocrx_word' id='word_1_64' title='bbox 598 903 895 959; x_wconf 84' lang='lat' dir='ltr'>habebant</span> <span class='ocrx_word' id='word_1_65' title='bbox 940 905 1382 976; x_wconf 83' lang='lat' dir='ltr'>manicatasque</span> <span class='ocrx_word' id='word_1_66' title='bbox 1437 906 1676 960; x_wconf 88' lang='lat' dir='ltr'>tunicas</span> <span class='ocrx_word' id='word_1_67' title='bbox 1699 903 1741 972; x_wconf 80' lang='lat'>*,</span> <span class='ocrx_word' id='word_1_68' title='bbox 1790 907 2042 976; x_wconf 83' lang='lat' dir='ltr'>gemmis</span> <span class='ocrx_word' id='word_1_69' title='bbox 2097 907 2274 962; x_wconf 89' lang='lat' dir='ltr'>etiam</span> 
     </span>
     <span class='ocr_line' id='line_1_15' title="bbox 304 991 2275 1065; baseline 0.002 -21"><span class='ocrx_word' id='word_1_70' title='bbox 304 991 639 1047; x_wconf 84' lang='lat' dir='ltr'>adornatas.</span> <span class='ocrx_word' id='word_1_71' title='bbox 662 992 895 1063; x_wconf 87' lang='lat' dir='ltr'>Exiguo</span> <span class='ocrx_word' id='word_1_72' title='bbox 934 993 1279 1058; x_wconf 88' lang='lat' dir='ltr'>intervallo,</span> <span class='ocrx_word' id='word_1_73' title='bbox 1305 1009 1458 1064; x_wconf 90' lang='lat' dir='ltr'>quos</span> <span class='ocrx_word' id='word_1_74' title='bbox 1497 998 1789 1065; x_wconf 88' lang='lat' dir='ltr'>cognatos</span> <span class='ocrx_word' id='word_1_75' title='bbox 1810 994 1828 1011; x_wconf 86' lang='lat'>&#39;‘</span> <span class='ocrx_word' id='word_1_76' title='bbox 1869 995 2037 1065; x_wconf 87' lang='lat' dir='ltr'>regis</span> <span class='ocrx_word' id='word_1_77' title='bbox 2066 995 2275 1064; x_wconf 89' lang='lat' dir='ltr'>appel-</span> 
     </span>
     <span class='ocr_line' id='line_1_16' title="bbox 302 1080 2267 1151; baseline 0.002 -18"><span class='ocrx_word' id='word_1_78' title='bbox 302 1080 445 1147; x_wconf 88' lang='lat' dir='ltr'>lant,</span> <span class='ocrx_word' id='word_1_79' title='bbox 476 1080 675 1135; x_wconf 91' lang='lat' dir='ltr'>decem</span> <span class='ocrx_word' id='word_1_80' title='bbox 714 1084 770 1135; x_wconf 92' lang='lat' dir='ltr'>et</span> <span class='ocrx_word' id='word_1_81' title='bbox 809 1083 1068 1151; x_wconf 89' lang='lat' dir='ltr'>quinque</span> <span class='ocrx_word' id='word_1_82' title='bbox 1109 1083 1295 1135; x_wconf 76' lang='lat' dir='ltr'>miliia</span> <span class='ocrx_word' id='word_1_83' title='bbox 1334 1083 1666 1138; x_wconf 90' lang='lat' dir='ltr'>hominum.</span> <span class='ocrx_word' id='word_1_84' title='bbox 1727 1083 1872 1137; x_wconf 83' lang='lat' dir='ltr'>Haec</span> <span class='ocrx_word' id='word_1_85' title='bbox 1902 1098 2047 1137; x_wconf 90' lang='lat' dir='ltr'>vero</span> <span class='ocrx_word' id='word_1_86' title='bbox 2074 1083 2267 1151; x_wconf 88' lang='lat' dir='ltr'>turba,</span> 
     </span>
     <span class='ocr_line' id='line_1_17' title="bbox 302 1167 2274 1242; baseline 0.002 -21"><span class='ocrx_word' id='word_1_87' title='bbox 302 1167 672 1224; x_wconf 80' lang='lat' dir='ltr'>muliebriter</span> <span class='ocrx_word' id='word_1_88' title='bbox 713 1168 1147 1240; x_wconf 86' lang='lat' dir='ltr'>propemodum</span> <span class='ocrx_word' id='word_1_89' title='bbox 1185 1170 1360 1237; x_wconf 89' lang='lat' dir='ltr'>culta,</span> <span class='ocrx_word' id='word_1_90' title='bbox 1415 1170 1558 1223; x_wconf 86' lang='lat' dir='ltr'>luxu</span> <span class='ocrx_word' id='word_1_91' title='bbox 1605 1171 1803 1242; x_wconf 88' lang='lat' dir='ltr'>magis</span> <span class='ocrx_word' id='word_1_92' title='bbox 1835 1186 2010 1241; x_wconf 88' lang='lat' dir='ltr'>quam</span> <span class='ocrx_word' id='word_1_93' title='bbox 2038 1171 2274 1225; x_wconf 86' lang='lat' dir='ltr'>decoris</span> 
     </span>
     <span class='ocr_line' id='line_1_18' title="bbox 303 1258 2274 1331; baseline 0.002 -20"><span class='ocrx_word' id='word_1_94' title='bbox 303 1258 488 1312; x_wconf 89' lang='lat' dir='ltr'>armis</span> <span class='ocrx_word' id='word_1_95' title='bbox 507 1258 825 1329; x_wconf 88' lang='lat' dir='ltr'>conspicua</span> <span class='ocrx_word' id='word_1_96' title='bbox 846 1261 989 1313; x_wconf 85' lang='lat' dir='ltr'>erat.</span> <span class='ocrx_word' id='word_1_97' title='bbox 1013 1259 1383 1330; x_wconf 76' lang='lat' dir='ltr'>Doryphorae</span> <span class='ocrx_word' id='word_1_98' title='bbox 1408 1260 1448 1286; x_wconf 81' lang='lat'>¹⁹</span> <span class='ocrx_word' id='word_1_99' title='bbox 1468 1260 1836 1314; x_wconf 87' lang='lat' dir='ltr'>vocabantur</span> <span class='ocrx_word' id='word_1_100' title='bbox 1856 1260 1897 1288; x_wconf 79' lang='lat'>²⁰</span> <span class='ocrx_word' id='word_1_101' title='bbox 1938 1260 2274 1331; x_wconf 87' lang='lat' dir='ltr'>proximum</span> 
     </span>
     <span class='ocr_line' id='line_1_19' title="bbox 303 1347 2345 1421; baseline 0.001 -21"><span class='ocrx_word' id='word_1_102' title='bbox 303 1347 399 1401; x_wconf 88' lang='lat' dir='ltr'>his</span> <span class='ocrx_word' id='word_1_103' title='bbox 428 1363 660 1418; x_wconf 82' lang='lat' dir='ltr'>agmen,</span> <span class='ocrx_word' id='word_1_104' title='bbox 695 1348 856 1402; x_wconf 87' lang='lat' dir='ltr'>soliti</span> <span class='ocrx_word' id='word_1_105' title='bbox 884 1352 1113 1402; x_wconf 88' lang='lat' dir='ltr'>vestem</span> <span class='ocrx_word' id='word_1_106' title='bbox 1135 1349 1407 1418; x_wconf 80' lang='lat' dir='ltr'>excipere</span> <span class='ocrx_word' id='word_1_107' title='bbox 1426 1349 1688 1421; x_wconf 84' lang='lat' dir='ltr'>regalem</span> <span class='ocrx_word' id='word_1_108' title='bbox 1712 1364 1724 1403; x_wconf 90' lang='lat'>:</span> <span class='ocrx_word' id='word_1_109' title='bbox 1759 1349 1819 1402; x_wconf 89' lang='lat' dir='ltr'>hi</span> <span class='ocrx_word' id='word_1_110' title='bbox 1840 1365 2080 1403; x_wconf 89' lang='lat' dir='ltr'>currum</span> <span class='ocrx_word' id='word_1_111' title='bbox 2105 1350 2272 1419; x_wconf 89' lang='lat' dir='ltr'>regis</span> <span class='ocrx_word' id='word_1_112' title='bbox 2338 1408 2345 1413; x_wconf 50' lang='lat'><strong><em>„</em></strong></span> 
     </span>
     <span class='ocr_line' id='line_1_20' title="bbox 303 1437 2273 1507; baseline 0.001 -17"><span class='ocrx_word' id='word_1_113' title='bbox 303 1437 622 1506; x_wconf 84' lang='lat' dir='ltr'>anteibant,</span> <span class='ocrx_word' id='word_1_114' title='bbox 655 1452 771 1507; x_wconf 90' lang='lat' dir='ltr'>quo</span> <span class='ocrx_word' id='word_1_115' title='bbox 813 1437 944 1506; x_wconf 92' lang='lat' dir='ltr'>ipse</span> <span class='ocrx_word' id='word_1_116' title='bbox 984 1437 1257 1491; x_wconf 88' lang='lat' dir='ltr'>eminens</span> <span class='ocrx_word' id='word_1_117' title='bbox 1296 1438 1650 1494; x_wconf 84' lang='lat' dir='ltr'>vehebatur.</span> <span class='ocrx_word' id='word_1_118' title='bbox 1690 1437 2021 1507; x_wconf 88' lang='lat' dir='ltr'>Utrumque</span> <span class='ocrx_word' id='word_1_119' title='bbox 2059 1454 2273 1493; x_wconf 90' lang='lat' dir='ltr'>currus</span> 
     </span>
     <span class='ocr_line' id='line_1_21' title="bbox 304 1525 2273 1598; baseline 0.002 -19"><span class='ocrx_word' id='word_1_120' title='bbox 304 1525 457 1579; x_wconf 88' lang='lat' dir='ltr'>latus</span> <span class='ocrx_word' id='word_1_121' title='bbox 487 1525 730 1579; x_wconf 90' lang='lat' dir='ltr'>deorum</span> <span class='ocrx_word' id='word_1_122' title='bbox 758 1525 1077 1580; x_wconf 86' lang='lat' dir='ltr'>simulacra</span> <span class='ocrx_word' id='word_1_123' title='bbox 1106 1541 1181 1580; x_wconf 82' lang='lat' dir='ltr'>ex</span> <span class='ocrx_word' id='word_1_124' title='bbox 1211 1542 1356 1580; x_wconf 89' lang='lat' dir='ltr'>auro</span> <span class='ocrx_word' id='word_1_125' title='bbox 1392 1531 1758 1598; x_wconf 81' lang='lat' dir='ltr'>argentoque</span> <span class='ocrx_word' id='word_1_126' title='bbox 1785 1543 2071 1596; x_wconf 78' lang='lat' dir='ltr'>expressa</span> <span class='ocrx_word' id='word_1_127' title='bbox 2102 1528 2273 1582; x_wconf 90' lang='lat' dir='ltr'>deco-</span> 
     </span>
     <span class='ocr_line' id='line_1_22' title="bbox 303 1614 2271 1688; baseline 0.002 -21"><span class='ocrx_word' id='word_1_128' title='bbox 303 1614 512 1668; x_wconf 88' lang='lat' dir='ltr'>rabant</span> <span class='ocrx_word' id='word_1_129' title='bbox 544 1628 557 1667; x_wconf 89' lang='lat'>:</span> <span class='ocrx_word' id='word_1_130' title='bbox 590 1614 1037 1685; x_wconf 82' lang='lat' dir='ltr'>distinguebant</span> <span class='ocrx_word' id='word_1_131' title='bbox 1061 1614 1478 1670; x_wconf 78' lang='lat' dir='ltr'>internitentes</span> <span class='ocrx_word' id='word_1_132' title='bbox 1507 1632 1758 1687; x_wconf 81' lang='lat' dir='ltr'>gemmae</span> <span class='ocrx_word' id='word_1_133' title='bbox 1798 1617 2030 1688; x_wconf 82' lang='lat' dir='ltr'>jugum,</span> <span class='ocrx_word' id='word_1_134' title='bbox 2055 1632 2129 1671; x_wconf 84' lang='lat' dir='ltr'>ex</span> <span class='ocrx_word' id='word_1_135' title='bbox 2156 1634 2271 1687; x_wconf 91' lang='lat' dir='ltr'>quo</span> 
     </span>
     <span class='ocr_line' id='line_1_23' title="bbox 304 1701 2270 1774; baseline 0.001 -18"><span class='ocrx_word' id='word_1_136' title='bbox 304 1701 638 1756; x_wconf 88' lang='lat' dir='ltr'>eminebant</span> <span class='ocrx_word' id='word_1_137' title='bbox 685 1702 798 1756; x_wconf 90' lang='lat' dir='ltr'>duo</span> <span class='ocrx_word' id='word_1_138' title='bbox 844 1718 1022 1757; x_wconf 88' lang='lat' dir='ltr'>aurea</span> <span class='ocrx_word' id='word_1_139' title='bbox 1053 1703 1371 1758; x_wconf 89' lang='lat' dir='ltr'>simulacra</span> <span class='ocrx_word' id='word_1_140' title='bbox 1410 1705 1705 1772; x_wconf 81' lang='lat' dir='ltr'>cubitalia,</span> <span class='ocrx_word' id='word_1_141' title='bbox 1741 1720 1994 1774; x_wconf 90' lang='lat' dir='ltr'>quorum</span> <span class='ocrx_word' id='word_1_142' title='bbox 2024 1706 2270 1759; x_wconf 90' lang='lat' dir='ltr'>alterum</span> 
     </span>
     <span class='ocr_line' id='line_1_24' title="bbox 302 1789 2272 1864; baseline 0.001 -19"><span class='ocrx_word' id='word_1_143' title='bbox 302 1789 467 1858; x_wconf 81' lang='lat' dir='ltr'>Nini,</span> <span class='ocrx_word' id='word_1_144' title='bbox 488 1791 736 1845; x_wconf 87' lang='lat' dir='ltr'>alterum</span> <span class='ocrx_word' id='word_1_145' title='bbox 766 1796 897 1846; x_wconf 91' lang='lat' dir='ltr'>erat</span> <span class='ocrx_word' id='word_1_146' title='bbox 926 1792 1054 1845; x_wconf 87' lang='lat' dir='ltr'>Beli</span> <span class='ocrx_word' id='word_1_147' title='bbox 1070 1793 1130 1845; x_wconf 80' lang='lat'>²¹.</span> <span class='ocrx_word' id='word_1_148' title='bbox 1164 1793 1329 1846; x_wconf 87' lang='lat' dir='ltr'>Inter</span> <span class='ocrx_word' id='word_1_149' title='bbox 1357 1794 1486 1847; x_wconf 87' lang='lat' dir='ltr'>haec</span> <span class='ocrx_word' id='word_1_150' title='bbox 1514 1794 1772 1864; x_wconf 84' lang='lat' dir='ltr'>aquilam</span> <span class='ocrx_word' id='word_1_151' title='bbox 1790 1794 1831 1821; x_wconf 78' lang='lat'>²¹</span> <span class='ocrx_word' id='word_1_152' title='bbox 1858 1810 2118 1860; x_wconf 86' lang='lat' dir='ltr'>auream,</span> <span class='ocrx_word' id='word_1_153' title='bbox 2139 1795 2272 1863; x_wconf 86' lang='lat' dir='ltr'>pin-</span> 
     </span>
     <span class='ocr_line' id='line_1_25' title="bbox 303 1877 2270 1953; baseline 0.001 -19"><span class='ocrx_word' id='word_1_154' title='bbox 303 1896 413 1935; x_wconf 90' lang='lat' dir='ltr'>nas</span> <span class='ocrx_word' id='word_1_155' title='bbox 444 1877 780 1934; x_wconf 84' lang='lat' dir='ltr'>extendenti</span> <span class='ocrx_word' id='word_1_156' title='bbox 807 1880 1081 1948; x_wconf 89' lang='lat' dir='ltr'>similem,</span> <span class='ocrx_word' id='word_1_157' title='bbox 1102 1885 1504 1936; x_wconf 75' lang='lat' dir='ltr'>sacraverant.</span> <span class='ocrx_word' id='word_1_158' title='bbox 1528 1881 1735 1936; x_wconf 86' lang='lat' dir='ltr'>Cultus</span> <span class='ocrx_word' id='word_1_159' title='bbox 1765 1883 1930 1953; x_wconf 88' lang='lat' dir='ltr'>regis</span> <span class='ocrx_word' id='word_1_160' title='bbox 1959 1883 2114 1937; x_wconf 88' lang='lat' dir='ltr'>inter</span> <span class='ocrx_word' id='word_1_161' title='bbox 2138 1898 2270 1937; x_wconf 88' lang='lat' dir='ltr'>om-</span> 
     </span>
     <span class='ocr_line' id='line_1_26' title="bbox 304 1968 2273 2039; baseline 0.001 -16"><span class='ocrx_word' id='word_1_162' title='bbox 304 1969 401 2023; x_wconf 89' lang='lat' dir='ltr'>nia</span> <span class='ocrx_word' id='word_1_163' title='bbox 422 1968 657 2025; x_wconf 87' lang='lat' dir='ltr'>luxuria</span> <span class='ocrx_word' id='word_1_164' title='bbox 685 1969 996 2024; x_wconf 87' lang='lat' dir='ltr'>notabatur</span> <span class='ocrx_word' id='word_1_165' title='bbox 1021 1983 1034 2023; x_wconf 89' lang='lat'><strong>:</strong></span> <span class='ocrx_word' id='word_1_166' title='bbox 1067 1984 1384 2039; x_wconf 80' lang='lat' dir='ltr'>purpureae</span> <span class='ocrx_word' id='word_1_167' title='bbox 1414 1971 1629 2025; x_wconf 80' lang='lat' dir='ltr'>tunicae</span> <span class='ocrx_word' id='word_1_168' title='bbox 1645 1968 1665 1988; x_wconf 82' lang='lat'>*</span> <span class='ocrx_word' id='word_1_169' title='bbox 1686 1971 1946 2025; x_wconf 89' lang='lat' dir='ltr'>medium</span> <span class='ocrx_word' id='word_1_170' title='bbox 1968 1969 2166 2026; x_wconf 89' lang='lat' dir='ltr'>album</span> <span class='ocrx_word' id='word_1_171' title='bbox 2184 1972 2273 2025; x_wconf 89' lang='lat' dir='ltr'>in·</span> 
     </span>
     <span class='ocr_line' id='line_1_27' title="bbox 300 2057 2271 2131; baseline -0.001 -17"><span class='ocrx_word' id='word_1_172' title='bbox 300 2061 525 2114; x_wconf 85' lang='lat' dir='ltr'>textum</span> <span class='ocrx_word' id='word_1_173' title='bbox 554 2062 697 2126; x_wconf 88' lang='lat' dir='ltr'>erat,</span> <span class='ocrx_word' id='word_1_174' title='bbox 728 2057 980 2128; x_wconf 82' lang='lat' dir='ltr'>pallam*</span> <span class='ocrx_word' id='word_1_175' title='bbox 1009 2075 1154 2113; x_wconf 89' lang='lat' dir='ltr'>auro</span> <span class='ocrx_word' id='word_1_176' title='bbox 1184 2060 1530 2114; x_wconf 81' lang='lat' dir='ltr'>distinctam</span> <span class='ocrx_word' id='word_1_177' title='bbox 1561 2060 1729 2114; x_wconf 86' lang='lat' dir='ltr'>aurei</span> <span class='ocrx_word' id='word_1_178' title='bbox 1757 2061 2091 2131; x_wconf 66' lang='lat' dir='ltr'>accipitres»,</span> <span class='ocrx_word' id='word_1_179' title='bbox 2114 2060 2271 2115; x_wconf 84' lang='lat' dir='ltr'>velut</span> 
     </span>
     <span class='ocr_line' id='line_1_28' title="bbox 302 2149 2270 2218; baseline 0.001 -16"><span class='ocrx_word' id='word_1_180' title='bbox 302 2149 519 2204; x_wconf 82' lang='lat' dir='ltr'>rostris</span> <span class='ocrx_word' id='word_1_181' title='bbox 548 2149 703 2202; x_wconf 86' lang='lat' dir='ltr'>inter</span> <span class='ocrx_word' id='word_1_182' title='bbox 733 2163 797 2202; x_wconf 87' lang='lat' dir='ltr'>se</span> <span class='ocrx_word' id='word_1_183' title='bbox 826 2152 1255 2203; x_wconf 89' lang='lat' dir='ltr'>concurrerent</span> <span class='ocrx_word' id='word_1_184' title='bbox 1275 2149 1336 2215; x_wconf 76' lang='lat'>²³,</span> <span class='ocrx_word' id='word_1_185' title='bbox 1366 2149 1755 2218; x_wconf 87' lang='lat' dir='ltr'>adornabant,</span> <span class='ocrx_word' id='word_1_186' title='bbox 1787 2154 1844 2204; x_wconf 91' lang='lat' dir='ltr'>et</span> <span class='ocrx_word' id='word_1_187' title='bbox 1873 2149 2053 2204; x_wconf 67' lang='lat' dir='ltr'>zona*</span> <span class='ocrx_word' id='word_1_188' title='bbox 2092 2164 2270 2203; x_wconf 88' lang='lat' dir='ltr'>aurea</span> 
     </span>
    </p>
   </div>
   <div class='ocr_carea' id='block_1_9' title="bbox 295 2339 2273 3457">
    <p class='ocr_par' dir='ltr' id='par_1_9' title="bbox 299 2339 2273 2459">
     <span class='ocr_line' id='line_1_29' title="bbox 351 2339 2273 2399; baseline 0 -13"><span class='ocrx_word' id='word_1_189' title='bbox 351 2341 423 2386; x_wconf 75' lang='lat'>16.</span> <span class='ocrx_word' id='word_1_190' title='bbox 458 2340 749 2386; x_wconf 83' lang='lat' dir='ltr'>construisez</span> <span class='ocrx_word' id='word_1_191' title='bbox 779 2354 793 2383; x_wconf 73' lang='grc' dir='ltr'><strong><em>ε</em></strong></span> <span class='ocrx_word' id='word_1_192' title='bbox 823 2341 1106 2386; x_wconf 73' lang='grc' dir='ltr'>Δάσνηαῠιιιι</span> <span class='ocrx_word' id='word_1_193' title='bbox 1136 2346 1339 2397; x_wconf 61' lang='lat' dir='ltr'>repentes</span> <span class='ocrx_word' id='word_1_194' title='bbox 1375 2339 1709 2398; x_wconf 77' lang='lat' dir='ltr'>(complement</span> <span class='ocrx_word' id='word_1_195' title='bbox 1733 2341 1792 2386; x_wconf 89' lang='lat' dir='ltr'>de</span> <span class='ocrx_word' id='word_1_196' title='bbox 1821 2343 2113 2399; x_wconf 71' lang='lat' dir='ltr'>adornabant)</span> <span class='ocrx_word' id='word_1_197' title='bbox 2141 2353 2273 2397; x_wconf 71' lang='lat' dir='ltr'>equos</span> 
     </span>
     <span class='ocr_line' id='line_1_30' title="bbox 299 2402 982 2459; baseline -0.001 -12"><span class='ocrx_word' id='word_1_198' title='bbox 299 2402 632 2459; x_wconf 79' lang='lat' dir='ltr'>(complement</span> <span class='ocrx_word' id='word_1_199' title='bbox 660 2404 718 2448; x_wconf 91' lang='lat' dir='ltr'>de</span> <span class='ocrx_word' id='word_1_200' title='bbox 741 2404 982 2459; x_wconf 57' lang='lat' dir='ltr'>retebant).</span> 
     </span>
    </p>

    <p class='ocr_par' dir='ltr' id='par_1_10' title="bbox 296 2465 2272 2772">
     <span class='ocr_line' id='line_1_31' title="bbox 352 2465 2272 2523; baseline 0.002 -15"><span class='ocrx_word' id='word_1_201' title='bbox 352 2472 420 2508; x_wconf 82' lang='lat'>17.</span> <span class='ocrx_word' id='word_1_202' title='bbox 458 2465 748 2520; x_wconf 78' lang='lat' dir='ltr'>Immortales,</span> <span class='ocrx_word' id='word_1_203' title='bbox 797 2467 1025 2510; x_wconf 83' lang='lat' dir='ltr'>cavaliers</span> <span class='ocrx_word' id='word_1_204' title='bbox 1054 2466 1224 2521; x_wconf 78' lang='lat' dir='ltr'>d&#39;elite,</span> <span class='ocrx_word' id='word_1_205' title='bbox 1256 2471 1362 2511; x_wconf 87' lang='lat' dir='ltr'>tous</span> <span class='ocrx_word' id='word_1_206' title='bbox 1396 2468 1455 2512; x_wconf 89' lang='lat' dir='ltr'>de</span> <span class='ocrx_word' id='word_1_207' title='bbox 1494 2478 1602 2513; x_wconf 84' lang='lat' dir='ltr'>race</span> <span class='ocrx_word' id='word_1_208' title='bbox 1630 2478 1791 2522; x_wconf 86' lang='lat' dir='ltr'>perse.</span> <span class='ocrx_word' id='word_1_209' title='bbox 1820 2483 1846 2508; x_wconf 80' lang='grc' dir='ltr'><strong>α</strong></span> <span class='ocrx_word' id='word_1_210' title='bbox 1867 2467 1935 2511; x_wconf 87' lang='lat' dir='ltr'>On</span> <span class='ocrx_word' id='word_1_211' title='bbox 1971 2466 2041 2510; x_wconf 86' lang='lat' dir='ltr'>les</span> <span class='ocrx_word' id='word_1_212' title='bbox 2068 2468 2272 2523; x_wconf 85' lang='lat' dir='ltr'>appelait</span> 
     </span>
     <span class='ocr_line' id='line_1_32' title="bbox 296 2527 2269 2584; baseline 0 -12"><span class='ocrx_word' id='word_1_213' title='bbox 296 2528 558 2573; x_wconf 85' lang='lat' dir='ltr'>Immortels</span> <span class='ocrx_word' id='word_1_214' title='bbox 585 2539 701 2581; x_wconf 88' lang='lat' dir='ltr'>pour</span> <span class='ocrx_word' id='word_1_215' title='bbox 726 2530 772 2573; x_wconf 92' lang='lat' dir='ltr'>le</span> <span class='ocrx_word' id='word_1_216' title='bbox 801 2528 937 2571; x_wconf 78' lang='lat' dir='ltr'>motis</span> <span class='ocrx_word' id='word_1_217' title='bbox 959 2540 1052 2582; x_wconf 90' lang='lat' dir='ltr'>que</span> <span class='ocrx_word' id='word_1_218' title='bbox 1077 2529 1124 2582; x_wconf 88' lang='lat' dir='ltr'>je</span> <span class='ocrx_word' id='word_1_219' title='bbox 1148 2529 1251 2572; x_wconf 80' lang='lat' dir='ltr'>vais</span> <span class='ocrx_word' id='word_1_220' title='bbox 1281 2527 1398 2573; x_wconf 88' lang='lat' dir='ltr'>dire.</span> <span class='ocrx_word' id='word_1_221' title='bbox 1433 2528 1490 2573; x_wconf 92' lang='lat' dir='ltr'>-Si</span> <span class='ocrx_word' id='word_1_222' title='bbox 1522 2529 1617 2572; x_wconf 89' lang='lat' dir='ltr'>l&#39;un</span> <span class='ocrx_word' id='word_1_223' title='bbox 1657 2529 1810 2584; x_wconf 88' lang='lat' dir='ltr'>d&#39;eux,</span> <span class='ocrx_word' id='word_1_224' title='bbox 1841 2535 1957 2575; x_wconf 86' lang='lat' dir='ltr'>mort</span> <span class='ocrx_word' id='word_1_225' title='bbox 1986 2541 2046 2573; x_wconf 90' lang='lat' dir='ltr'>on</span> <span class='ocrx_word' id='word_1_226' title='bbox 2077 2531 2269 2582; x_wconf 86' lang='lat' dir='ltr'>malade,</span> 
     </span>
     <span class='ocr_line' id='line_1_33' title="bbox 299 2590 2269 2646; baseline 0.001 -13"><span class='ocrx_word' id='word_1_227' title='bbox 299 2590 552 2644; x_wconf 88' lang='lat' dir='ltr'>manquait,</span> <span class='ocrx_word' id='word_1_228' title='bbox 581 2601 640 2633; x_wconf 92' lang='lat' dir='ltr'>on</span> <span class='ocrx_word' id='word_1_229' title='bbox 680 2602 739 2634; x_wconf 88' lang='lat' dir='ltr'>en</span> <span class='ocrx_word' id='word_1_230' title='bbox 768 2590 1032 2634; x_wconf 81' lang='lat' dir='ltr'>choisissait</span> <span class='ocrx_word' id='word_1_231' title='bbox 1077 2603 1142 2635; x_wconf 87' lang='lat' dir='ltr'>un</span> <span class='ocrx_word' id='word_1_232' title='bbox 1200 2597 1364 2646; x_wconf 78' lang='lat' dir='ltr'>autre3</span> <span class='ocrx_word' id='word_1_233' title='bbox 1393 2593 1450 2635; x_wconf 82' lang='lat' dir='ltr'>ils</span> <span class='ocrx_word' id='word_1_234' title='bbox 1480 2591 1704 2636; x_wconf 79' lang='lat' dir='ltr'>n’etaient</span> <span class='ocrx_word' id='word_1_235' title='bbox 1752 2592 1922 2646; x_wconf 87' lang='lat' dir='ltr'>jamais</span> <span class='ocrx_word' id='word_1_236' title='bbox 1953 2592 2058 2645; x_wconf 83' lang='lat' dir='ltr'>plus</span> <span class='ocrx_word' id='word_1_237' title='bbox 2101 2592 2159 2636; x_wconf 89' lang='lat' dir='ltr'>de</span> <span class='ocrx_word' id='word_1_238' title='bbox 2185 2592 2269 2635; x_wconf 78' lang='lat' dir='ltr'>dix</span> 
     </span>
     <span class='ocr_line' id='line_1_34' title="bbox 298 2651 2270 2708; baseline 0.001 -13"><span class='ocrx_word' id='word_1_239' title='bbox 298 2651 442 2704; x_wconf 86' lang='lat' dir='ltr'>mille,</span> <span class='ocrx_word' id='word_1_240' title='bbox 473 2651 642 2705; x_wconf 71' lang='lat' dir='ltr'>iamais</span> <span class='ocrx_word' id='word_1_241' title='bbox 669 2653 839 2706; x_wconf 63' lang='lat' dir='ltr'>moins:</span> <span class='ocrx_word' id='word_1_242' title='bbox 879 2653 980 2695; x_wconf 77' lang='lat' dir='ltr'>leur</span> <span class='ocrx_word' id='word_1_243' title='bbox 1020 2655 1308 2708; x_wconf 82' lang='lat' dir='ltr'>ajustement</span> <span class='ocrx_word' id='word_1_244' title='bbox 1331 2655 1592 2708; x_wconf 81' lang='lat' dir='ltr'>surpassait</span> <span class='ocrx_word' id='word_1_245' title='bbox 1629 2664 1689 2696; x_wconf 87' lang='lat' dir='ltr'>en</span> <span class='ocrx_word' id='word_1_246' title='bbox 1718 2654 1845 2697; x_wconf 74' lang='lat' dir='ltr'>eclat</span> <span class='ocrx_word' id='word_1_247' title='bbox 1889 2653 2014 2697; x_wconf 86' lang='lat' dir='ltr'>celui</span> <span class='ocrx_word' id='word_1_248' title='bbox 2053 2654 2117 2698; x_wconf 84' lang='lat' dir='ltr'>du</span> <span class='ocrx_word' id='word_1_249' title='bbox 2141 2658 2270 2699; x_wconf 76' lang='lat' dir='ltr'>reste</span> 
     </span>
     <span class='ocr_line' id='line_1_35' title="bbox 298 2714 1987 2772; baseline -0.001 -12"><span class='ocrx_word' id='word_1_250' title='bbox 298 2716 381 2760; x_wconf 89' lang='lat' dir='ltr'>des</span> <span class='ocrx_word' id='word_1_251' title='bbox 412 2719 616 2768; x_wconf 71' lang='lat' dir='ltr'>troupeS‚</span> <span class='ocrx_word' id='word_1_252' title='bbox 641 2720 689 2758; x_wconf 88' lang='lat' dir='ltr'>et</span> <span class='ocrx_word' id='word_1_253' title='bbox 712 2714 770 2758; x_wconf 86' lang='lat' dir='ltr'>ils</span> <span class='ocrx_word' id='word_1_254' title='bbox 798 2715 972 2759; x_wconf 74' lang='lat' dir='ltr'>etaient</span> <span class='ocrx_word' id='word_1_255' title='bbox 990 2715 1060 2758; x_wconf 90' lang='lat' dir='ltr'>les</span> <span class='ocrx_word' id='word_1_256' title='bbox 1087 2716 1195 2770; x_wconf 84' lang='lat' dir='ltr'>plus</span> <span class='ocrx_word' id='word_1_257' title='bbox 1224 2717 1440 2761; x_wconf 83' lang='lat' dir='ltr'>vaillants</span> <span class='ocrx_word' id='word_1_258' title='bbox 1468 2730 1494 2757; x_wconf 63' lang='lat'>1⁹</span> <span class='ocrx_word' id='word_1_259' title='bbox 1518 2716 1872 2772; x_wconf 50' lang='lat' dir='ltr'>(Herodoteffu,</span> <span class='ocrx_word' id='word_1_260' title='bbox 1899 2716 1987 2769; x_wconf 78' lang='lat'><strong>83).</strong></span> 
     </span>
    </p>

    <p class='ocr_par' dir='ltr' id='par_1_11' title="bbox 353 2776 1621 2833">
     <span class='ocr_line' id='line_1_36' title="bbox 353 2776 1621 2833; baseline 0.002 -14"><span class='ocrx_word' id='word_1_261' title='bbox 353 2778 425 2823; x_wconf 82' lang='lat'>¹8.</span> <span class='ocrx_word' id='word_1_262' title='bbox 459 2776 552 2821; x_wconf 81' lang='lat' dir='ltr'>Non</span> <span class='ocrx_word' id='word_1_263' title='bbox 579 2777 697 2820; x_wconf 69' lang='lat' dir='ltr'>alios</span> <span class='ocrx_word' id='word_1_264' title='bbox 725 2777 865 2831; x_wconf 66' lang='lat' dir='ltr'>mauis</span> <span class='ocrx_word' id='word_1_265' title='bbox 884 2788 1062 2822; x_wconf 89' lang='lat' dir='ltr'>comme</span> <span class='ocrx_word' id='word_1_266' title='bbox 1092 2778 1200 2821; x_wconf 75' lang='lat' dir='ltr'>illos</span> <span class='ocrx_word' id='word_1_267' title='bbox 1222 2783 1392 2833; x_wconf 72' lang='lat' dir='ltr'>praetcr</span> <span class='ocrx_word' id='word_1_268' title='bbox 1419 2783 1621 2822; x_wconf 67' lang='lat' dir='ltr'>exteros.</span> 
     </span>
    </p>

    <p class='ocr_par' dir='ltr' id='par_1_12' title="bbox 297 2838 2271 2955">
     <span class='ocr_line' id='line_1_37' title="bbox 354 2838 2271 2897; baseline 0.001 -14"><span class='ocrx_word' id='word_1_269' title='bbox 354 2840 424 2884; x_wconf 82' lang='grc'>19.</span> <span class='ocrx_word' id='word_1_270' title='bbox 458 2841 543 2883; x_wconf 88' lang='lat' dir='ltr'>Les</span> <span class='ocrx_word' id='word_1_271' title='bbox 574 2838 863 2896; x_wconf 61' lang='lat' dir='ltr'>Doryphoree,</span> <span class='ocrx_word' id='word_1_272' title='bbox 891 2851 950 2884; x_wconf 83' lang='lat' dir='ltr'>au</span> <span class='ocrx_word' id='word_1_273' title='bbox 979 2841 1173 2884; x_wconf 82' lang='lat' dir='ltr'>nombre</span> <span class='ocrx_word' id='word_1_274' title='bbox 1199 2842 1256 2885; x_wconf 87' lang='lat' dir='ltr'>de</span> <span class='ocrx_word' id='word_1_275' title='bbox 1288 2843 1441 2892; x_wconf 80' lang='lat'>15,000</span> <span class='ocrx_word' id='word_1_276' title='bbox 1468 2843 1681 2896; x_wconf 83' lang='lat' dir='ltr'>environ,</span> <span class='ocrx_word' id='word_1_277' title='bbox 1707 2840 1953 2885; x_wconf 76' lang='lat' dir='ltr'>tormaient</span> <span class='ocrx_word' id='word_1_278' title='bbox 1981 2841 2027 2884; x_wconf 73' lang='lat' dir='ltr'>la</span> <span class='ocrx_word' id='word_1_279' title='bbox 2044 2840 2190 2897; x_wconf 77' lang='lat' dir='ltr'>garde</span> <span class='ocrx_word' id='word_1_280' title='bbox 2208 2840 2271 2885; x_wconf 82' lang='lat' dir='ltr'>du</span> 
     </span>
     <span class='ocr_line' id='line_1_38' title="bbox 297 2900 1332 2955; baseline 0 -9"><span class='ocrx_word' id='word_1_281' title='bbox 297 2901 367 2946; x_wconf 90' lang='lat' dir='ltr'>roi</span> <span class='ocrx_word' id='word_1_282' title='bbox 395 2912 409 2955; x_wconf 73' lang='grc' dir='ltr'><strong>ς</strong></span> <span class='ocrx_word' id='word_1_283' title='bbox 436 2901 497 2946; x_wconf 75' lang='lat' dir='ltr'>ils</span> <span class='ocrx_word' id='word_1_284' title='bbox 524 2900 740 2945; x_wconf 82' lang='lat' dir='ltr'>dcvaient</span> <span class='ocrx_word' id='word_1_285' title='bbox 758 2902 861 2947; x_wconf 89' lang='lat' dir='ltr'>leur</span> <span class='ocrx_word' id='word_1_286' title='bbox 880 2915 985 2945; x_wconf 90' lang='lat' dir='ltr'>nom</span> <span class='ocrx_word' id='word_1_287' title='bbox 1004 2902 1032 2946; x_wconf 77' lang='grc' dir='ltr'>ὸ,</span> <span class='ocrx_word' id='word_1_288' title='bbox 1059 2903 1163 2947; x_wconf 87' lang='lat' dir='ltr'>leur</span> <span class='ocrx_word' id='word_1_289' title='bbox 1180 2914 1332 2947; x_wconf 81' lang='lat' dir='ltr'>armo.</span> 
     </span>
    </p>

    <p class='ocr_par' dir='ltr' id='par_1_13' title="bbox 349 2964 1690 3011">
     <span class='ocr_line' id='line_1_39' title="bbox 349 2964 1690 3011; baseline 0 -2"><span class='ocrx_word' id='word_1_290' title='bbox 349 2968 425 3010; x_wconf 71' lang='lat'>20.</span> <span class='ocrx_word' id='word_1_291' title='bbox 464 2964 753 3009; x_wconf 68' lang='lat' dir='ltr'>vocabantur.</span> <span class='ocrx_word' id='word_1_292' title='bbox 777 2968 836 3008; x_wconf 77' lang='lat' dir='ltr'>Le</span> <span class='ocrx_word' id='word_1_293' title='bbox 863 2965 1007 3008; x_wconf 84' lang='lat' dir='ltr'>verbe</span> <span class='ocrx_word' id='word_1_294' title='bbox 1027 2965 1261 3009; x_wconf 81' lang='lat' dir='ltr'>s’accorde</span> <span class='ocrx_word' id='word_1_295' title='bbox 1296 2976 1413 3009; x_wconf 85' lang='lat' dir='ltr'>avec</span> <span class='ocrx_word' id='word_1_296' title='bbox 1442 2965 1690 3011; x_wconf 85' lang='lat' dir='ltr'>l&#39;attribut.</span> 
     </span>
    </p>

    <p class='ocr_par' dir='ltr' id='par_1_14' title="bbox 295 3025 2270 3332">
     <span class='ocr_line' id='line_1_40' title="bbox 350 3025 2268 3083; baseline 0 -14"><span class='ocrx_word' id='word_1_297' title='bbox 350 3029 424 3069; x_wconf 75' lang='lat'>21.</span> <span class='ocrx_word' id='word_1_298' title='bbox 457 3025 614 3081; x_wconf 71' lang='lat' dir='ltr'>Ninus,</span> <span class='ocrx_word' id='word_1_299' title='bbox 642 3026 796 3070; x_wconf 72' lang='lat' dir='ltr'>Belua.</span> <span class='ocrx_word' id='word_1_300' title='bbox 831 3026 981 3078; x_wconf 63' lang='lat' dir='ltr'>Belua,</span> <span class='ocrx_word' id='word_1_301' title='bbox 1007 3030 1189 3071; x_wconf 81' lang='lat' dir='ltr'>suivant</span> <span class='ocrx_word' id='word_1_302' title='bbox 1216 3029 1263 3070; x_wconf 84' lang='lat' dir='ltr'>la</span> <span class='ocrx_word' id='word_1_303' title='bbox 1300 3028 1514 3083; x_wconf 78' lang='lat' dir='ltr'>legende,</span> <span class='ocrx_word' id='word_1_304' title='bbox 1551 3028 1693 3071; x_wconf 83' lang='lat' dir='ltr'>serait</span> <span class='ocrx_word' id='word_1_305' title='bbox 1719 3026 1765 3072; x_wconf 88' lang='lat' dir='ltr'>le</span> <span class='ocrx_word' id='word_1_306' title='bbox 1788 3027 2030 3072; x_wconf 80' lang='lat' dir='ltr'>fondateur</span> <span class='ocrx_word' id='word_1_307' title='bbox 2052 3028 2108 3072; x_wconf 83' lang='lat' dir='ltr'>de</span> <span class='ocrx_word' id='word_1_308' title='bbox 2137 3027 2268 3072; x_wconf 79' lang='lat' dir='ltr'>l&#39;em-</span> 
     </span>
     <span class='ocr_line' id='line_1_41' title="bbox 298 3088 2270 3144; baseline 0 -12"><span class='ocrx_word' id='word_1_309' title='bbox 298 3092 400 3144; x_wconf 82' lang='lat' dir='ltr'>pire</span> <span class='ocrx_word' id='word_1_310' title='bbox 419 3090 669 3144; x_wconf 68' lang='lat' dir='ltr'>Assyrien:</span> <span class='ocrx_word' id='word_1_311' title='bbox 702 3090 772 3134; x_wconf 79' lang='lat' dir='ltr'>les</span> <span class='ocrx_word' id='word_1_312' title='bbox 800 3089 1108 3143; x_wconf 70' lang='lat' dir='ltr'>babylonicus</span> <span class='ocrx_word' id='word_1_313' title='bbox 1136 3089 1410 3134; x_wconf 79' lang='lat' dir='ltr'>l&#39;adoraient</span> <span class='ocrx_word' id='word_1_314' title='bbox 1438 3101 1618 3134; x_wconf 86' lang='lat' dir='ltr'>comme</span> <span class='ocrx_word' id='word_1_315' title='bbox 1647 3090 1752 3134; x_wconf 88' lang='lat' dir='ltr'>leur</span> <span class='ocrx_word' id='word_1_316' title='bbox 1770 3089 1898 3135; x_wconf 86' lang='lat' dir='ltr'>dieu.</span> <span class='ocrx_word' id='word_1_317' title='bbox 1933 3112 1986 3125; x_wconf 89' lang='grc'><strong>-</strong></span> <span class='ocrx_word' id='word_1_318' title='bbox 2013 3091 2168 3144; x_wconf 64' lang='grc' dir='ltr'>Κέω,</span> <span class='ocrx_word' id='word_1_319' title='bbox 2194 3088 2270 3132; x_wconf 77' lang='lat' dir='ltr'>file</span> 
     </span>
     <span class='ocr_line' id='line_1_42' title="bbox 297 3150 2269 3208; baseline -0.001 -11"><span class='ocrx_word' id='word_1_320' title='bbox 297 3153 357 3197; x_wconf 89' lang='lat' dir='ltr'>de</span> <span class='ocrx_word' id='word_1_321' title='bbox 387 3150 542 3203; x_wconf 73' lang='lat' dir='ltr'>Belua,</span> <span class='ocrx_word' id='word_1_322' title='bbox 570 3154 634 3196; x_wconf 88' lang='lat' dir='ltr'>lui</span> <span class='ocrx_word' id='word_1_323' title='bbox 665 3154 812 3196; x_wconf 85' lang='lat' dir='ltr'>aurait</span> <span class='ocrx_word' id='word_1_324' title='bbox 846 3151 1047 3196; x_wconf 76' lang='lat' dir='ltr'>succede</span> <span class='ocrx_word' id='word_1_325' title='bbox 1072 3168 1082 3195; x_wconf 90' lang='lat'>:</span> <span class='ocrx_word' id='word_1_326' title='bbox 1114 3154 1225 3196; x_wconf 87' lang='lat' dir='ltr'>c&#39;est</span> <span class='ocrx_word' id='word_1_327' title='bbox 1257 3152 1328 3196; x_wconf 89' lang='lat' dir='ltr'>lui</span> <span class='ocrx_word' id='word_1_328' title='bbox 1358 3155 1435 3208; x_wconf 86' lang='lat' dir='ltr'>qui</span> <span class='ocrx_word' id='word_1_329' title='bbox 1474 3153 1622 3197; x_wconf 84' lang='lat' dir='ltr'>aurait</span> <span class='ocrx_word' id='word_1_330' title='bbox 1650 3155 1876 3198; x_wconf 87' lang='lat' dir='ltr'>construit</span> <span class='ocrx_word' id='word_1_331' title='bbox 1917 3153 2098 3204; x_wconf 78' lang='lat' dir='ltr'>Ninive3</span> <span class='ocrx_word' id='word_1_332' title='bbox 2126 3152 2159 3195; x_wconf 82' lang='lat' dir='ltr'>il</span> <span class='ocrx_word' id='word_1_333' title='bbox 2188 3157 2269 3196; x_wconf 87' lang='lat' dir='ltr'>eut</span> 
     </span>
     <span class='ocr_line' id='line_1_43' title="bbox 295 3214 2269 3271; baseline 0 -13"><span class='ocrx_word' id='word_1_334' title='bbox 295 3224 413 3270; x_wconf 87' lang='lat' dir='ltr'>pour</span> <span class='ocrx_word' id='word_1_335' title='bbox 437 3214 606 3258; x_wconf 79' lang='lat' dir='ltr'>femme</span> <span class='ocrx_word' id='word_1_336' title='bbox 639 3215 919 3259; x_wconf 84' lang='lat' dir='ltr'>semiramis.</span> <span class='ocrx_word' id='word_1_337' title='bbox 943 3237 990 3248; x_wconf 89' lang='lat'>-</span> <span class='ocrx_word' id='word_1_338' title='bbox 1013 3219 1100 3259; x_wconf 83' lang='lat' dir='ltr'>Ces</span> <span class='ocrx_word' id='word_1_339' title='bbox 1133 3215 1253 3270; x_wconf 70' lang='lat' dir='ltr'>faits,</span> <span class='ocrx_word' id='word_1_340' title='bbox 1285 3216 1502 3260; x_wconf 80' lang='lat' dir='ltr'>racontes</span> <span class='ocrx_word' id='word_1_341' title='bbox 1532 3225 1615 3271; x_wconf 84' lang='lat' dir='ltr'>par</span> <span class='ocrx_word' id='word_1_342' title='bbox 1640 3215 1837 3261; x_wconf 77' lang='lat' dir='ltr'>Diodoro</span> <span class='ocrx_word' id='word_1_343' title='bbox 1857 3217 1917 3260; x_wconf 87' lang='lat' dir='ltr'>de</span> <span class='ocrx_word' id='word_1_344' title='bbox 1945 3216 2082 3260; x_wconf 82' lang='lat' dir='ltr'>sicile</span> <span class='ocrx_word' id='word_1_345' title='bbox 2112 3216 2190 3270; x_wconf 78' lang='grc' dir='ltr'>(Π,</span> <span class='ocrx_word' id='word_1_346' title='bbox 2207 3218 2269 3258; x_wconf 75' lang='grc' dir='ltr'>Ξ-</span> 
     </span>
     <span class='ocr_line' id='line_1_44' title="bbox 297 3274 2100 3332; baseline 0.001 -11"><span class='ocrx_word' id='word_1_347' title='bbox 297 3276 372 3331; x_wconf 75' lang='lat'>28)</span> <span class='ocrx_word' id='word_1_348' title='bbox 400 3275 580 3330; x_wconf 78' lang='lat' dir='ltr'>d&#39;apres</span> <span class='ocrx_word' id='word_1_349' title='bbox 603 3274 797 3332; x_wconf 62' lang='lat' dir='ltr'>mesina,</span> <span class='ocrx_word' id='word_1_350' title='bbox 821 3281 901 3320; x_wconf 88' lang='lat' dir='ltr'>ont</span> <span class='ocrx_word' id='word_1_351' title='bbox 920 3276 995 3320; x_wconf 72' lang='lat' dir='ltr'>ete</span> <span class='ocrx_word' id='word_1_352' title='bbox 1022 3276 1256 3322; x_wconf 76' lang='lat' dir='ltr'>dementis</span> <span class='ocrx_word' id='word_1_353' title='bbox 1285 3289 1372 3331; x_wconf 84' lang='lat' dir='ltr'>par</span> <span class='ocrx_word' id='word_1_354' title='bbox 1399 3280 1468 3321; x_wconf 79' lang='lat' dir='ltr'>les</span> <span class='ocrx_word' id='word_1_355' title='bbox 1497 3277 1803 3322; x_wconf 78' lang='lat' dir='ltr'>deconvertes</span> <span class='ocrx_word' id='word_1_356' title='bbox 1834 3277 2100 3323; x_wconf 67' lang='lat' dir='ltr'>moderneS.</span> 
     </span>
    </p>

    <p class='ocr_par' dir='ltr' id='par_1_15' title="bbox 300 3336 2266 3457">
     <span class='ocr_line' id='line_1_45' title="bbox 352 3336 2266 3397; baseline 0 -15"><span class='ocrx_word' id='word_1_357' title='bbox 352 3336 425 3385; x_wconf 69' lang='lat'>22.</span> <span class='ocrx_word' id='word_1_358' title='bbox 459 3338 687 3395; x_wconf 68' lang='lat' dir='ltr'>Aquilam.</span> <span class='ocrx_word' id='word_1_359' title='bbox 723 3342 808 3384; x_wconf 83' lang='lat' dir='ltr'>Les</span> <span class='ocrx_word' id='word_1_360' title='bbox 837 3342 927 3384; x_wconf 83' lang='lat' dir='ltr'>rois</span> <span class='ocrx_word' id='word_1_361' title='bbox 957 3339 1014 3383; x_wconf 88' lang='lat' dir='ltr'>de</span> <span class='ocrx_word' id='word_1_362' title='bbox 1040 3341 1181 3391; x_wconf 63' lang='lat' dir='ltr'>Perse</span> <span class='ocrx_word' id='word_1_363' title='bbox 1220 3341 1409 3385; x_wconf 80' lang='lat' dir='ltr'>avaient</span> <span class='ocrx_word' id='word_1_364' title='bbox 1441 3349 1560 3397; x_wconf 82' lang='lat' dir='ltr'>pour</span> <span class='ocrx_word' id='word_1_365' title='bbox 1586 3339 1809 3385; x_wconf 59' lang='lat' dir='ltr'>&amp;tendam</span> <span class='ocrx_word' id='word_1_366' title='bbox 1836 3351 1900 3384; x_wconf 91' lang='lat' dir='ltr'>un</span> <span class='ocrx_word' id='word_1_367' title='bbox 1928 3339 2053 3394; x_wconf 74' lang='lat' dir='ltr'>aigie</span> <span class='ocrx_word' id='word_1_368' title='bbox 2080 3339 2180 3385; x_wconf 80' lang='lat' dir='ltr'>d’or</span> <span class='ocrx_word' id='word_1_369' title='bbox 2204 3350 2266 3383; x_wconf 81' lang='lat' dir='ltr'>au</span> 
     </span>
     <span class='ocr_line' id='line_1_46' title="bbox 300 3398 1282 3457; baseline 0.004 -13"><span class='ocrx_word' id='word_1_370' title='bbox 300 3402 413 3444; x_wconf 84' lang='lat' dir='ltr'>haut</span> <span class='ocrx_word' id='word_1_371' title='bbox 432 3398 567 3445; x_wconf 83' lang='lat' dir='ltr'>d’une</span> <span class='ocrx_word' id='word_1_372' title='bbox 587 3401 743 3457; x_wconf 88' lang='lat' dir='ltr'>pique,</span> <span class='ocrx_word' id='word_1_373' title='bbox 765 3403 834 3446; x_wconf 85' lang='lat' dir='ltr'>les</span> <span class='ocrx_word' id='word_1_374' title='bbox 863 3403 980 3446; x_wconf 85' lang='lat' dir='ltr'>ailes</span> <span class='ocrx_word' id='word_1_375' title='bbox 1007 3402 1282 3456; x_wconf 72' lang='lat' dir='ltr'>deployees.</span> 
     </span>
    </p>
   </div>
   <div class='ocr_carea' id='block_1_10' title="bbox 352 3464 2346 3523">
    <p class='ocr_par' dir='ltr' id='par_1_16' title="bbox 352 3464 2346 3523">
     <span class='ocr_line' id='line_1_47' title="bbox 352 3464 2346 3523; baseline -0.002 -13"><span class='ocrx_word' id='word_1_376' title='bbox 352 3468 427 3513; x_wconf 74' lang='lat'>23.</span> <span class='ocrx_word' id='word_1_377' title='bbox 469 3464 670 3508; x_wconf 71' lang='lat' dir='ltr'>Velut...</span> <span class='ocrx_word' id='word_1_378' title='bbox 713 3469 1032 3523; x_wconf 71' lang='lat' dir='ltr'>concurrerent,</span> <span class='ocrx_word' id='word_1_379' title='bbox 1076 3475 1255 3508; x_wconf 82' lang='lat' dir='ltr'>comme</span> <span class='ocrx_word' id='word_1_380' title='bbox 1283 3466 1402 3509; x_wconf 79' lang='lat' dir='ltr'>velut</span> <span class='ocrx_word' id='word_1_381' title='bbox 1445 3469 1771 3510; x_wconf 71' lang='lat' dir='ltr'>concurrentes.</span> <span class='ocrx_word' id='word_1_382' title='bbox 1806 3464 2114 3520; x_wconf 77' lang='lat' dir='ltr'>n’ordinairo,</span> <span class='ocrx_word' id='word_1_383' title='bbox 2147 3474 2266 3518; x_wconf 86' lang='lat' dir='ltr'>pour</span> <span class='ocrx_word' id='word_1_384' title='bbox 2341 3466 2346 3471; x_wconf 81' lang='lat'><strong><em>‘</em></strong></span> 
     </span>
    </p>
   </div>
   <div class='ocr_carea' id='block_1_11' title="bbox 300 3524 2269 3645">
    <p class='ocr_par' dir='ltr' id='par_1_17' title="bbox 300 3524 2269 3645">
     <span class='ocr_line' id='line_1_48' title="bbox 300 3524 2269 3583; baseline 0.001 -14"><span class='ocrx_word' id='word_1_385' title='bbox 300 3524 560 3571; x_wconf 83' lang='lat' dir='ltr'>introduire</span> <span class='ocrx_word' id='word_1_386' title='bbox 590 3536 680 3569; x_wconf 88' lang='lat' dir='ltr'>une</span> <span class='ocrx_word' id='word_1_387' title='bbox 700 3526 983 3582; x_wconf 77' lang='lat' dir='ltr'>proposition</span> <span class='ocrx_word' id='word_1_388' title='bbox 1012 3526 1069 3570; x_wconf 87' lang='lat' dir='ltr'>de</span> <span class='ocrx_word' id='word_1_389' title='bbox 1096 3527 1421 3580; x_wconf 84' lang='lat' dir='ltr'>comparaison</span> <span class='ocrx_word' id='word_1_390' title='bbox 1449 3527 1802 3583; x_wconf 71' lang='lat' dir='ltr'>hypothetiqne,</span> <span class='ocrx_word' id='word_1_391' title='bbox 1822 3538 1882 3571; x_wconf 93' lang='lat' dir='ltr'>on</span> <span class='ocrx_word' id='word_1_392' title='bbox 1911 3530 2076 3571; x_wconf 84' lang='lat' dir='ltr'>trouve</span> <span class='ocrx_word' id='word_1_393' title='bbox 2114 3526 2269 3581; x_wconf 76' lang='lat' dir='ltr'>plutot</span> 
     </span>
     <span class='ocr_line' id='line_1_49' title="bbox 301 3588 2266 3645; baseline 0.001 -12"><span class='ocrx_word' id='word_1_394' title='bbox 301 3590 424 3634; x_wconf 76' lang='lat' dir='ltr'>vetut</span> <span class='ocrx_word' id='word_1_395' title='bbox 451 3589 492 3634; x_wconf 73' lang='lat' dir='ltr'>ee·</span> <span class='ocrx_word' id='word_1_396' title='bbox 521 3599 612 3645; x_wconf 87' lang='lat' dir='ltr'>que</span> <span class='ocrx_word' id='word_1_397' title='bbox 639 3588 760 3633; x_wconf 76' lang='lat' dir='ltr'>vetut</span> <span class='ocrx_word' id='word_1_398' title='bbox 790 3593 892 3634; x_wconf 85' lang='lat' dir='ltr'>tout</span> <span class='ocrx_word' id='word_1_399' title='bbox 918 3588 1049 3634; x_wconf 53' lang='grc' dir='ltr'>ὅσαι(</span> <span class='ocrx_word' id='word_1_400' title='bbox 1068 3589 1232 3633; x_wconf 67' lang='lat' dir='ltr'>rmus</span> <span class='ocrx_word' id='word_1_401' title='bbox 1251 3594 1481 3645; x_wconf 72' lang='lat' dir='ltr'>patres...</span> <span class='ocrx_word' id='word_1_402' title='bbox 1520 3594 1659 3636; x_wconf 73' lang='lat' dir='ltr'>mem</span> <span class='ocrx_word' id='word_1_403' title='bbox 1686 3590 1819 3645; x_wconf 61' lang='grc' dir='ltr'><em>τερα,</em></span> <span class='ocrx_word' id='word_1_404' title='bbox 1849 3590 1968 3634; x_wconf 68' lang='lat' dir='ltr'>volnt</span> <span class='ocrx_word' id='word_1_405' title='bbox 2006 3590 2050 3634; x_wconf 70' lang='grc' dir='ltr'>οἱ</span> <span class='ocrx_word' id='word_1_406' title='bbox 2077 3590 2182 3642; x_wconf 72' lang='lat' dir='ltr'>jan·</span> <span class='ocrx_word' id='word_1_407' title='bbox 2208 3590 2266 3634; x_wconf 73' lang='lat' dir='ltr'>aa</span> 
     </span>
    </p>
   </div>
  </div>
 </body>
</html>
