2517 3975
640 260 1029 302 ms'ronunuu
1064 264 1398 305 Anaxannm
1436 269 1519 317 vr,
1557 269 1641 305 x1.
2012 251 2120 307 209

185 367 317 436 silio,
349 369 415 422 in
442 369 569 425 haec
596 368 742 426 fides
775 373 831 426 et
872 374 1003 428 data
1034 379 1125 429 est
1153 381 1210 430 et
1236 380 1496 445 accepta.
1530 375 1695 441 Quod
1724 377 1798 431 ad
1825 374 2114 448 Dymnum
2170 377 2241 430 30

185 458 441 525 pertinet,
474 459 615 514 nihil
645 460 804 527 scio;
854 462 962 516 et⁸⁶
1006 464 1132 520 haec
1175 465 1491 520 confessus
1526 467 1792 538 intelligo
1820 483 1941 522 non
1971 484 2115 538 pro-

185 543 340 600 desse
370 547 535 615 mihi,
566 550 724 620 quod
750 554 1067 622 praesentis
1095 554 1343 612 sceleris
1380 570 1595 625 expers
1622 571 1774 610 sum.

245 634 350 704 Illi,
375 652 588 692 rursus
613 641 920 695 tormentis
941 642 1211 711 admotiS,
1234 659 1370 698 cum
1401 643 1516 713 ipsi
1545 659 1775 714 quoque
1803 644 2025 699 hastis*
2047 662 2118 701 os

188 723 490 796 oculosque
545 725 680 797 ejus
733 729 1177 798 everberarent,
1219 747 1577 801 expressere
1623 735 1687 786 ut
1733 732 1843 787 hoc
1886 749 2118 805 quoque

186 812 389 868 crimen
417 815 812 871 confiteretur.
847 818 1238 891 Exigentibus
1269 820 1481 875 deinde
1501 823 1565 874 ut
1584 821 1850 877 ordinem
1880 824 2120 893 cogitati

182 905 408 960 sceleris
439 910 777 975 exponeret,
825 922 957 962 eum
998 908 1098 962 diu
1141 909 1352 964 Bactra
1388 911 1689 964 retentura
1705 925 1921 981 ‚regem
1947 910 2119 966 vide-

181 998 388 1059 rentur,
420 994 692 1051 timuisse
708 996 748 1023 ⁸⁷
789 993 1117 1067 respondit:
1156 1019 1180 1046 α
1211 1014 1289 1055 ne
1326 1002 1509 1068 pater,
1550 1016 1669 1053 Lxx
1697 1002 1873 1054 natus
1905 1014 2117 1068 annos,

178 1083 305 1136 tanti
332 1082 634 1137 exercitus
678 1083 797 1138 dux
854 1086 1074 1153 tantus,
1114 1087 1294 1140 tantae
1323 1088 1588 1157 pecuniae
1627 1090 1851 1155 custos,
1882 1088 2119 1143 interim

176 1172 659 1244 exstingueretur,
706 1173 960 1243 ipsique,
1003 1173 1255 1243 spoliato
1302 1176 1482 1230 tantis
1510 1176 1762 1244 viribu8‚
1815 1177 2120 1232 occidendi

173 1260 314 1330 regis
347 1275 528 1315 causa
546 1260 588 1287 ⁸⁸
616 1274 737 1315 non
767 1265 944 1316 esset.
978 1263 1323 1319 Festinasse
1352 1279 1498 1334 ergo
1528 1279 1614 1336 se,
1647 1265 1784 1318 dum
1813 1266 2121 1336 praemium

173 1347 227 1400 in
249 1350 524 1404 manibus
553 1349 817 1414 haberet,
847 1356 1280 1421 repraesentare
1307 1353 1623 1413 consilium
1655 1371 1670 1408 ε
1702 1371 1872 1424 quus
1901 1357 2122 1424 patrem

175 1440 460 1507 expertem
502 1437 687 1493 fuisse
738 1440 858 1492 nisi
894 1441 1219 1514 crederent,
1258 1444 1571 1511 tormenta,
1612 1458 1964 1514 quamquam
1993 1443 2120 1516 jam

171 1525 410 1582 tolerare
439 1543 559 1582 non
588 1531 815 1597 posset,
849 1533 1042 1583 tamen
1074 1547 1192 1585 non
1218 1547 1520 1586 recusare.
1554 1551 1581 1583 n

231 1615 339 1686 Illi,
382 1614 655 1670 collocuti
673 1615 715 1643 ⁸⁰
753 1617 898 1671 satis
937 1619 1306 1688 quaesitum⁴⁰
1341 1619 1551 1686 videri,
1582 1620 1656 1674 ad
1682 1635 1889 1692 regem
1916 1635 2121 1675 rever-

169 1702 376 1758 tuntur.
408 1701 542 1773 Qui,
573 1707 808 1773 postero
848 1704 962 1770 die,
1006 1709 1082 1772 et,
1124 1722 1254 1776 quae
1303 1705 1614 1761 confessus
1660 1711 1787 1762 erat
1834 1706 2116 1773 Philotas,

168 1792 415 1857 recitari,
448 1800 503 1847 et
530 1792 747 1862 ipsum,
779 1794 915 1864 quia
952 1796 1187 1866 ingredi
1233 1811 1354 1850 non
1396 1799 1647 1866 poterat,
1676 1795 1861 1867 jussit
1900 1794 2114 1850 afferri.

167 1876 359 1933 Omnia
390 1883 749 1952 agnoscente
777 1896 865 1948 eo,
898 1881 1253 1950 DemetriUS,
1289 1883 1389 1953 qui
1417 1885 1672 1953 proximi
1701 1882 1951 1938 sceleris
1981 1899 2120 1954 par-

170 1965 341 2040 ticeps
371 1986 506 2024 esse
537 1969 914 2040 arguebatur,
942 1971 1300 2042 producitur.
1335 1972 1517 2027 Multa
1546 1972 1954 2037 affirmatione,
1986 1971 2119 2026 ani-

166 2059 351 2130 mique
382 2060 606 2129 pariter
632 2060 960 2114 constantia
1004 2064 1061 2116 et
1098 2063 1322 2128 vultuS‚
1356 2062 1625 2117 abnuens
1656 2064 1970 2134 quiequam
2000 2062 2119 2116 sibi

166 2145 222 2200 in
248 2163 452 2220 regem
482 2149 795 2221 cogitatum
822 2164 978 2217 esse,
1019 2153 1308 2205 tormenta
1345 2151 1516 2205 etiam
1539 2150 1896 2220 deposcebat
1930 2151 1991 2204 in
2022 2166 2115 2205 se·

164 2238 469 2307 metipsum
504 2255 517 2292 :
549 2253 680 2292 cum
709 2238 989 2305 Philotas,
1039 2240 1399 2293 circumlatis
1429 2240 1641 2308 oculis,
1674 2242 1738 2293 ut
1763 2238 2025 2293 incidere
2055 2241 2118 2292 in

165 2321 320 2380 Calin
359 2327 675 2397 quendam,
720 2326 873 2383 haud
912 2329 1118 2397 procul
1165 2331 1435 2395 stantem,
1485 2329 1735 2399 propius
1776 2343 1909 2382 eum
1935 2328 2120 2399 jussit

163 2415 450 2469 accedere.
500 2414 606 2469 Illo
654 2415 990 2485 perturbato
1041 2420 1098 2469 et
1133 2418 1446 2470 recusante
1468 2416 1504 2443 ⁴¹
1535 2417 1792 2474 transire
1831 2416 1902 2470 ad
1935 2432 2067 2470 eum
2101 2432 2112 2470 :

167 2522 187 2548 «ι
214 2503 486 2570 PatieriS,
518 2504 730 2574 inquit,
766 2504 1126 2558 Demetrium
1156 2505 1394 2557 mentiri
1424 2520 1753 2576 rursusque
1783 2521 1876 2559 me
1905 2521 2116 2560 excru-

164 2593 338 2646 ciari?
371 2615 394 2640 n
448 2592 614 2646 Calin
671 2609 789 2647 vox
836 2594 1201 2664 sanguisque
1248 2592 1607 2662 defecerant,
1663 2598 1718 2649 et
1767 2594 2117 2650 Macedones

162 2677 428 2735 Philotan
470 2681 595 2751 jam
637 2681 947 2751 inquinare
976 2681 1256 2735 innoxios
1296 2683 1447 2737 velle
1477 2682 1947 2752 suspicabantur,
1980 2683 2117 2753 quia

161 2781 265 2821 nee
294 2784 328 2822 a
355 2767 711 2823 Nicomacho
742 2785 851 2824 nec
880 2769 953 2823 ab
981 2769 1113 2838 ipso
1145 2768 1396 2835 Philota,
1426 2785 1559 2825 cum
1586 2771 1976 2839 torqueretur,
2004 2786 2117 2824 no-

158 2855 409 2912 minatus
439 2859 598 2911 esset
629 2856 975 2911 adolescens
994 2858 1015 2879 *
1040 2875 1053 2911 :
1088 2858 1209 2928 qui,
1232 2861 1297 2912 ut
1324 2856 1638 2928 praefectos
1665 2857 1832 2927 regis
1860 2859 2118 2914 circum-

162 2948 377 3000 stantes
407 2961 470 2999 se
496 2945 662 3011 vidit,
695 2944 1048 3000 Demetrium
1082 2949 1135 3000 et
1168 2946 1551 3015 semetipsum
1588 2944 1646 2998 id
1682 2943 1909 3001 facinus
1948 2946 2115 3016 cogi-

156 3039 322 3090 tasse
348 3034 666 3091 confessus
694 3039 811 3090 est.

204 3217 281 3258 36.
318 3213 387 3265 Et,
408 3213 468 3257 du
498 3218 643 3257 reste.

203 3281 279 3320 37.
319 3277 541 3333 Τὶηηιίεκ,
563 3277 730 3331 ellipse
755 3276 817 3320 du
845 3276 968 3330 suist
995 3289 1059 3321 se.

205 3343 279 3383 38.
321 3339 472 3395 Causa,
502 3340 547 3383 la
577 3351 718 3383 cause
748 3340 811 3383 du
826 3346 1030 3384 meurtre
1058 3336 1382 3394 disparaissait
1411 3348 1523 3381 avec
1542 3337 1587 3380 la
1614 3337 1801 3382 mortde
1821 3337 2112 3386 Parmenion,

157 3403 236 3457 qui
265 3404 367 3446 seul
394 3404 505 3454 etait
518 3404 714 3458 capable
741 3403 799 3446 de
820 3404 1058 3446 recueillir
1087 3404 1131 3445 la
1150 3401 1422 3445 succession
1452 3400 1784 3447 d'Alexandre.

204 3467 280 3509 ω.
322 3464 545 3515 collocuti,
574 3467 831 3509 entendez:
856 3471 1003 3521 Ayant
1030 3463 1143 3519 juge
1158 3475 1219 3508 en
1246 3463 1486 3508 conferant
1511 3468 1646 3506 entre
1675 3475 1788 3507 eux.

205 3532 283 3572 40.
324 3527 570 3577 Qumitum.
592 3529 664 3572 Cf.
700 3531 745 3573 le
769 3533 863 3571 mot
889 3528 1087 3583 quaetio,
1114 3530 1182 3576 vl,
1214 3539 1313 3581 vm,
1344 3531 1454 3569 note
1472 3530 1545 3570 20.

205 3595 280 3634 41.
312 3587 545 3635 &munte
572 3603 683 3635 avec
706 3590 950 3635 l'infinitif.
985 3590 1052 3634 cf.
1072 3593 1144 3644 vl,
1161 3595 1269 3633 note
1292 3592 1365 3636 18.

1866 3680 1948 3727 12.

2173 642 2236 696 31

2172 1617 2243 1671 34

2174 1883 2244 1937 35

2171 2235 2242 2290 36
