2517 3975
448 246 549 299 251
960 263 969 274 ’
1206 262 1264 305 Q.
1302 261 1472 299 cuam-1
1510 262 1644 301 nur-1

449 384 761 439 corporum
793 368 1012 424 robore
1042 367 1254 422 eximio
1287 370 1551 439 perducti
1581 372 1748 424 erant
1780 386 1792 422 :
1828 369 1947 439 qui,
1983 374 2045 426 ut
2080 386 2178 439 per
2211 370 2356 422 inter-

447 461 671 529 pretem
699 461 1108 530 cognoverunt
1130 456 1311 528 jussu
1339 459 1502 531 regis
1533 459 1736 529 ipsos⁸
1757 458 1831 512 ad
1851 459 2201 528 supplicium
2221 456 2359 518 trahi,

445 561 684 601 carmen
714 547 1036 601 laetantium
1072 546 1244 602 modo
1275 562 1507 618 canere,
1547 547 1942 617 tripudiisque
1981 550 2039 602 et
2075 542 2361 601 lasciviori*

444 636 717 705 corporis
766 637 929 689 motu
981 636 1267 705 gaudium
1315 637 1608 705 quoddam
1643 636 1828 691 animi
1872 638 2171 695 ostentare
2211 650 2364 704 coepe·

355 729 391 785 5
443 727 601 781 runt.
634 724 970 779 Admiratus
1001 723 1134 797 [est]
1160 741 1268 782 rex
1295 729 1456 780 tanta
1485 726 1896 796 magnitudine
1924 726 2108 782 animi
2134 728 2361 796 oppetere

438 818 712 884 mortem,
751 814 1021 868 revocari
1059 829 1165 870 eos
1203 814 1408 885 jussit,
1451 831 1691 869 causam
1733 817 1854 869 tam
1896 813 2104 872 effusoe
2157 814 2359 880 laetitiae,

355 907 389 963 6
442 920 577 958 cum
620 904 976 975 supplicium
1032 906 1167 958 ante
1206 906 1411 959 oculos
1459 904 1759 970 haberent,
1803 903 2145 973 requirens,
2201 903 2299 968 Illi,
2327 901 2364 955 si

442 993 514 1049 ab
552 993 670 1048 alio
709 992 1136 1061 occiderentur,
1165 993 1374 1047 tristes
1410 994 1735 1047 morituros
1767 991 1958 1047 fuisse
1995 991 2361 1063 respondent:

439 1098 595 1137 nunc
625 1098 658 1135 a
684 1084 844 1137 tanto
872 1097 1034 1155 rege,
1056 1082 1282 1136 victore
1312 1082 1578 1136 omnium
1604 1081 1888 1153 gentium,
1913 1080 2243 1153 majoribus
2269 1077 2363 1136 suis

439 1171 725 1240 redditoS,
755 1170 1068 1226 honestam
1105 1173 1373 1257 mortem,
1416 1186 1590 1240 quam
1627 1169 1812 1225 fortes
1848 1170 1966 1226 viri
2007 1172 2139 1227 voto
2175 1183 2364 1242 quoque

350 1263 384 1317 7
439 1261 802 1330 expeterent,
833 1260 1200 1316 carminibus
1230 1260 1325 1315 sui
1353 1260 1542 1314 moris
1573 1259 1892 1329 laetitiaque
1920 1259 2239 1318 celebrare.
2252 1259 2362 1318 Tum

441 1365 547 1404 rex
586 1350 907 1404 admiratus
943 1349 1409 1423 magnitudinem
1447 1350 1665 1404 animi·
1674 1371 1726 1396 να
1755 1348 1995 1414 Quaero,
2035 1350 2256 1420 inquit,
2281 1347 2365 1404 ans

441 1438 645 1493 vivere
691 1439 891 1493 ¹velitis
946 1454 1065 1495 non
1121 1438 1348 1492 inimici
1403 1437 1577 1505 mihi,
1626 1437 1799 1508 cujus
1855 1436 2142 1492 beneficio
2192 1434 2364 1492 victuri

348 1530 389 1586 8
441 1527 629 1581 estis?
662 1548 685 1576 υ
720 1527 811 1580 Illi
851 1542 1168 1597 numquam
1206 1541 1272 1580 se
1309 1524 1578 1580 inimicos
1607 1526 1680 1593 ei,
1714 1524 1835 1591 sed,
1867 1524 2025 1580 bello
2066 1526 2364 1588 lacessitae,

437 1613 642 1670 hostes
688 1613 876 1668 fuisse
921 1614 1285 1684 respondent
1327 1630 1340 1666 t
1391 1613 1446 1667 si
1490 1613 1627 1683 quis
1678 1613 1848 1682 ipsos
1893 1612 2185 1668 beneficio
2229 1624 2366 1682 quam

438 1703 660 1775 injuria
685 1703 946 1773 experiri
981 1704 1311 1771 maluisset,
1345 1705 1676 1757 certaturos
1704 1700 1897 1756 fuisse
1930 1713 2007 1757 ne
2024 1702 2368 1760 vincerentur
2456 1689 2459 1696 ⁴

350 1798 387 1855 9
440 1791 652 1848 officio.
682 1792 1156 1864 Interrogatique
1185 1806 1299 1861 quo
1327 1793 1577 1863 pignore
1614 1790 1789 1845 fidem
1828 1789 2152 1861 obligaturi
2180 1791 2364 1856 essent,

439 1880 640 1948 vitam,
685 1896 860 1951 quam
908 1880 1260 1949 acciperent,
1301 1869 1539 1950 pignori
1589 1878 1842 1932 futuram
1891 1893 2026 1933 esse
2070 1879 2365 1935 dixerunt:

440 1968 1178 2039 reddituros,quandoque
1227 1969 1566 2038 repetisset.
1599 1967 1720 2022 Nec
1765 1966 2132 2037 promissum
2173 1967 2365 2024 fefelle-
2445 1961 2452 2027 ἕ

437 2061 596 2115 runt.
626 2058 777 2113 Nam
804 2059 905 2129 qui
943 2057 1180 2111 remissi
1209 2057 1413 2111 domos
1442 2060 1629 2122 erant,
1654 2055 1766 2110 fide
1804 2056 2151 2112 continuere
2170 2059 2191 2085 ⁶
2214 2072 2366 2128 popu·

440 2147 599 2202 lares
623 2165 636 2201 z
659 2150 958 2218 quattuor,
989 2147 1145 2200 inter
1174 2146 1453 2200 custodes
1482 2144 1749 2215 corporis
1777 2146 2011 2216 retenti,
2040 2147 2191 2201 nulli
2216 2147 2368 2201 Mace-

440 2235 659 2290 donum
686 2236 750 2289 in
778 2251 985 2306 regem
1024 2235 1266 2289 caritate
1304 2237 1642 2289 cesserunt.
2451 2208 2454 2265 s

318 2333 386 2388 10
510 2322 575 2376 In
605 2321 924 2393 Sogdianis
955 2322 1244 2376 Peucolao
1287 2337 1418 2375 cum
1446 2339 1510 2376 111
1540 2322 1805 2376 millibus
1834 2322 2370 2393 peditum—neque
2447 2318 2454 2327 '

440 2412 595 2467 enim
631 2410 859 2483 majore
888 2411 1168 2481 praesidio
1191 2410 1579 2482 indigebat—
1599 2412 1828 2476 relict0‚
1862 2414 2076 2469 Bactra
2105 2412 2368 2485 pervenit.

439 2500 582 2555 Inde
610 2502 862 2555 Bessum
891 2499 1187 2553 Ecbatana
1217 2499 1353 2552 duci
1374 2500 1582 2570 jussit,
1614 2500 1920 2554 interfecto
1949 2501 2166 2556 Dario'
2194 2513 2373 2573 poenas
2451 2504 2454 2579 ¹,

317 2599 380 2657 11
430 2589 626 2657 ‘capite
655 2589 1110 2659 persoluturum.
1136 2587 1361 2641 Isdem⁸
1387 2587 1524 2641 fere,
1540 2586 1777 2657 diebus,
1801 2588 2158 2645 Ptolemaeus
2190 2593 2243 2645 et
2268 2588 2371 2642 Mc-
2451 2598 2454 2661 ι

438 2676 726 2733 lamnidas
742 2677 1002 2750 peditum
1016 2694 1081 2731 111
1095 2676 1279 2730 millia
1305 2679 1363 2731 et
1391 2679 1620 2748 equites
1647 2677 1807 2731 mille
1837 2677 2211 2734 adduxerunt
2243 2692 2375 2732 mer·

2445 2792 2454 2823 ι

491 2851 537 2893 3.
568 2846 693 2902 Ipsos
719 2855 835 2900 pour
858 2857 923 2890 ee.
2453 2840 2454 2847 ’

492 2915 539 2956 4.
569 2907 832 2953 Lasciviorz'.
847 2910 933 2952 Sur
957 2917 1011 2950 ce
1033 2904 1321 2963 comparatis,
1338 2904 1403 2949 cf.
1428 2908 1498 2959 IV,
1516 2917 1575 2960 vl,
1605 2911 1714 2949 note
1739 2907 1810 2949 11.
1845 2907 1928 2949 Cet
1956 2905 2128 2949 ablatif
2143 2917 2202 2950 en
2228 2905 2247 2948 i
2276 2904 2379 2946 n'est

439 2982 522 3025 pas
552 2971 784 3016 conforme
813 2970 839 3013 a
866 2970 1061 3024 l’usage.
1107 2982 1132 3009 α
1158 2971 1243 3011 Les
1273 2964 1570 3025 comparatigs
1594 2973 1673 3011 ont
1704 2966 1901 3011 l’ablatif
1935 2980 1996 3011 en
2022 2981 2046 3011 e
2076 2974 2122 3012 et
2148 2980 2238 3011 non
2263 2977 2319 3010 en
2343 2963 2374 3004 i·

438 3034 565 3077 Ainsi
590 3034 661 3077 les
689 3032 990 3086 inscriptions
1010 3031 1069 3075 de
1087 3031 1132 3074 la
1155 3029 1441 3085 Republique
1477 3035 1524 3074 et
1550 3032 1596 3074 le
1627 3029 1771 3074 siecle
1807 3029 2063 3084 d’Auguste
2090 3042 2150 3075 nc
2184 3026 2381 3074 connais-

440 3101 546 3139 sent
573 3106 663 3151 que
684 3096 765 3138 des
796 3094 965 3138 formes
990 3105 1166 3138 comme
1193 3094 1382 3146 majore,
1402 3093 1572 3148 priore,
1590 3097 1637 3135 et
1659 3103 1776 3136 nous
1797 3103 1854 3135 ne
1879 3104 2090 3145 pouvons
2108 3091 2309 3148 aujourd
2312 3085 2379 3132 hui

439 3162 627 3202 trouver
666 3169 816 3202 aucun
845 3159 1057 3212 exempla
1086 3156 1144 3200 de
1178 3155 1341 3207 majori
1373 3160 1514 3198 avant
1557 3154 1731 3199 Lucain
1777 3159 1825 3197 et
1863 3154 1935 3198 les
1972 3158 2133 3210 poetes
2161 3154 2274 3199 cites
2313 3158 2380 3206 11⁸⁸

434 3219 666 3264 Priscien.
700 3234 725 3261 n
752 3220 1020 3274 (Biicheler,
1049 3230 1093 3275 p.
1125 3217 1236 3272 162).

487 3287 535 3330 5.
572 3282 724 3343 Quaero
753 3293 823 3324 an.
853 3282 1120 3336 Cf.1v,1x,
1151 3289 1257 3327 note
1281 3284 1355 3326 34.

487 3349 535 3391 6.
571 3334 831 3388 Go'neinuere
856 3343 961 3397 fide.
996 3347 1240 3397 Comparez
1287 3343 1523 3386 continere
1550 3346 1696 3385 ventos
1716 3353 1909 3386 carcere.
1945 3344 2133 3387 Retenir
2160 3344 2231 3385 les
2260 3342 2377 3384 vents

435 3407 550 3454 dans
573 3407 673 3451 leur
691 3416 849 3460 prison
876 3405 993 3459 (Tite
1010 3406 1141 3460 Live,
1168 3408 1295 3460 xxx,
1331 3417 1421 3460 xx,
1449 3405 1514 3460 5).
1547 3427 1602 3438 —-
1627 3404 1713 3448 Suo
1738 3415 1786 3448 se
1816 3405 1907 3449 loco
1934 3406 2177 3451 continuit.
2209 3405 2248 3449 ll
2272 3405 2382 3446 resta

431 3468 463 3512 a
488 3481 577 3514 son
604 3473 737 3523 poste
759 3467 890 3521 (Caes.
918 3468 1039 3511 Bell.
1065 3468 1289 3523 Gau.,1v,
1312 3470 1403 3524 34).

485 3537 534 3576 ’1.
566 3531 719 3584 Dario,
742 3527 874 3572 datis.
1973 3536 1980 3541 ·

479 3595 535 3640 8.
568 3591 722 3635 Isdem.
754 3589 828 3636 Cf.
861 3592 912 3644 V,
939 3599 1045 3644 ιω,
1068 3594 1175 3634 note
1193 3594 1911 3641 1.·
2453 3604 2459 3651 1
