2517 3975
315 210 421 265 120
1078 229 1132 273 Q.
1175 227 1345 267 cunm
1383 229 1522 268 nuri

222 337 258 394 5
316 337 511 406 ipsum
541 337 597 390 et
623 332 842 391 milites
873 334 1004 408 ejus
1037 338 1329 406 spectare.
1374 335 1440 389 Id
1487 335 1617 391 suis
1658 336 1843 393 rebus
1886 337 1987 390 tali
2029 335 2092 390 in
2123 339 2287 393 statu

316 423 495 477 saluti
523 422 673 490 fore,
706 424 921 494 quippe
951 439 1016 478 se
1039 422 1273 479 deserta
1293 437 1427 478 cum
1448 423 1721 493 expedita
1741 439 1918 477 manu
1938 424 2285 494 petiturum.

314 511 533 565 Ultima
562 515 738 584 regni
767 513 862 566 sui
901 512 1090 566 adhuc
1139 512 1359 566 intacta
1385 527 1541 581 esse,
1575 510 1710 567 inde
1741 511 1897 568 bello
1928 513 2092 566 vires
2124 512 2288 567 haud

223 602 260 659 6
316 617 472 673 aegre
499 604 902 672 reparaturum
923 602 961 656 ⁸.
991 599 1317 670 Occuparet
1346 615 1491 655 sane
1517 616 1722 672 gazam
1750 600 2100 655 avidissima
2127 617 2288 673 gens

315 693 373 744 et
401 705 478 744 ex
506 689 686 762 longa
714 689 900 745 fame‘
929 690 1174 744 satiaret
1204 704 1271 744 se
1301 704 1468 756 aure,
1491 705 1630 743 mox
1649 688 1846 743 futura
1867 690 2087 760 praedae
2118 689 2242 743 sibi
2269 707 2284 743 ε

316 793 431 833 usu
458 778 775 832 didicisse⁷
804 779 1129 848 pretiosam
1160 778 1589 848 supellectilem
1615 778 1952 848 pelicesque
1982 780 2040 832 et
2068 777 2290 848 spado-

315 882 457 920 num
487 866 727 938 agmina
756 866 901 920 nihil
933 866 1092 921 aliud
1122 866 1331 931 fuisse,
1359 881 1530 935 quam
1549 880 1728 920 onera
1746 869 1803 920 et
1821 866 2248 935 impedimenta
2271 883 2284 920 :

318 955 521 1009 eadem
550 953 878 1008 trahentem
910 953 1333 1021 Alexandrum,
1367 954 1583 1024 quibus
1611 953 1794 1009 rebus
1817 956 1988 1008 antea
2007 955 2284 1022 vicisset,

223 1050 255 1102 7
319 1043 659 1098 inferiorem
700 1041 854 1097 fore.
886 1061 910 1094 ι
959 1043 1142 1098 Plena
1185 1043 1463 1099 omnibus
1500 1038 1938 1112 desperationis
1968 1041 2290 1097 videbatur

317 1132 529 1200 cratin,
561 1133 778 1202 quippe
808 1132 1130 1202 Babylona,
1171 1131 1383 1186 urbem
1414 1116 1948 1201 opulentissimam,
1982 1130 2116 1184 dedi
2144 1146 2277 1185 cer-

312 1219 590 1275 nentibus
623 1221 788 1291 :jam
820 1219 993 1291 Susa,
1038 1220 1164 1292 jam
1203 1224 1396 1275 cetera
1442 1221 1784 1274 ornamenta
1813 1220 2006 1290 regni,
2038 1234 2285 1273 causam

223 1314 257 1368 8
312 1306 475 1376 belli,
521 1309 807 1364 victorem
854 1312 1302 1379 occupaturum.
1362 1309 1436 1362 At
1482 1309 1581 1362 ille
1630 1309 1844 1363 docere
1873 1308 2121 1379 pergit«
2157 1323 2287 1362 non

313 1396 590 1467 speciosa
637 1397 813 1463 dictu,
856 1397 961 1452 sed
1001 1412 1120 1451 usu
1160 1396 1500 1452 necessaria
1541 1397 1605 1450 in
1646 1395 1829 1450 rebus
1866 1395 2142 1450 adversis
2172 1411 2284 1449 se-

313 1486 543 1558 quenda
573 1501 707 1541 esse
741 1505 754 1540 :
786 1486 946 1540 ferro
977 1487 1107 1558 geri
1134 1485 1312 1553 bella,
1343 1501 1464 1540 non
1493 1500 1659 1552 auro,
1690 1484 1860 1550 vit-ie,
1892 1498 2010 1537 non
2039 1483 2284 1537 urbium

313 1577 484 1630 tectis
519 1593 530 1629 :
565 1577 762 1630 omnia
790 1574 961 1646 sequi
993 1577 1285 1630 armatoS.
1322 1572 1422 1629 Sic
1449 1573 1705 1644 maJores
1742 1588 1886 1628 suos
1907 1571 1927 1599 ⁸
1967 1573 2284 1643 perculsos

311 1664 377 1718 in
432 1664 723 1734 principio
771 1679 967 1718 rerum
1022 1663 1297 1719 celeriter
1348 1663 1664 1734 pristinam
1718 1677 2033 1732 reparasse
2079 1661 2281 1716 fortu-

220 1756 257 1812 9
311 1766 448 1806 nam
470 1771 522 1805 ν.
549 1751 758 1822 Igitur,
781 1752 910 1806 sive
939 1751 1307 1806 confirmatis
1326 1767 1529 1807 eorum
1552 1752 1789 1817 animis,
1814 1750 1943 1804 sive
1965 1749 2280 1819 imperium

311 1840 506 1913 magis
536 1855 704 1912 quam
734 1840 1055 1896 consilium
1088 1842 1500 1912 sequentibuS‚
1533 1840 1742 1896 Mediae
1780 1839 1932 1895 fines
1960 1837 2282 1911 ingressus

312 1931 425 1984 est.

187 2027 256 2083 10
382 2019 564 2074 Paulo
609 2021 746 2088 post
791 2017 1126 2073 Alexandro
1172 2016 1434 2073 Arbela⁹
1471 2015 1800 2084 traduntur,
1831 2016 1993 2088 regia
2028 2016 2280 2086 suppel-

310 2109 505 2164 lectile
526 2109 745 2178 ditique
767 2124 911 2181 gaza
936 2106 1157 2178 repleta
1182 2125 1194 2161 :
1218 2125 1304 2162 1111
1325 2106 1508 2160 millia
1528 2105 1890 2160 talentum¹⁰*
1913 2106 2101 2175 fuere,
2117 2121 2279 2175 prae-

311 2200 473 2253 terea
499 2200 778 2268 pretiosae
809 2198 1035 2268 vesteS,
1067 2194 1275 2263 totiuS,
1307 2198 1369 2249 ut
1395 2209 1579 2263 supra
1620 2194 1838 2247 dictum
1881 2192 2048 2260 est¹¹,
2097 2208 2278 2247 exer-

186 2294 249 2347 11
310 2287 462 2341 citus
497 2287 707 2356 opibus
739 2287 801 2338 in
831 2285 996 2338 illam
1026 2284 1228 2338 sedem
1257 2282 1578 2354 congestis
1605 2281 2032 2352 Ingruentibus
2061 2280 2280 2336 deinde

309 2375 556 2442 morbiS,
591 2390 744 2448 quos
791 2374 937 2428 odor
979 2372 1335 2427 cadaverum
1364 2370 1503 2424 totis
1525 2368 1854 2440 jacentium
1882 2369 2109 2444 campis
2138 2370 2282 2424 vul-

310 2466 578 2533 gaverat,
611 2463 900 2518 maturius
931 2464 1125 2516 castra
1145 2459 1166 2480 *
1192 2460 1399 2517 movit.

384 2547 681 2608 Euntibus
729 2568 764 2606 a
809 2559 975 2621 parte
1028 2549 1176 2603 laeva
1217 2550 1346 2604 erat
1385 2548 1627 2616 Arabia,
1678 2549 1927 2603 odorum
1971 2548 2277 2603 fertilitate

184 2649 252 2702 12
312 2638 526 2694 nobilis
569 2641 756 2712 regio.
796 2640 1138 2709 Campestro
1177 2640 1293 2693 iter
1335 2640 1426 2693 est
1463 2637 1525 2691 in
1562 2639 1722 2692 terra
1766 2637 1921 2692 inter
1965 2636 2176 2708 Tigrin
2222 2653 2278 2692 eu.

308 2727 650 2798 Euphraten
685 2727 935 2799 jacenti,·
956 2731 1074 2782 tam
1121 2726 1292 2781 uberi
1329 2729 1386 2781 et
1415 2726 1643 2797 pingui,
1677 2727 1740 2779 ut
1780 2742 1813 2779 a
1851 2728 2024 2794 pastu
2065 2725 2278 2796 repelli

304 2800 524 2889 pecora
566 2815 851 2884 dicantur,
891 2833 964 2871 ne
1006 2817 1250 2871 satietas
1291 2816 1563 2887 perimat.
1600 2812 1793 2868 Causa
1831 2813 2155 2868 fertilitatis
2186 2819 2277 2869 est

354 3061 405 3105 Β.
438 3059 776 3114 Reparatur-um.
796 3057 969 3110 Ellipse
991 3056 1050 3101 de
1073 3068 1144 3101 ee.

354 3128 402 3167 6.
437 3122 506 3166 Ea:
536 3122 664 3174 lonaa
682 3122 798 3174 same
817 3130 996 3163 comme
1011 3124 1112 3175 post
1141 3120 1314 3174 tanqam
1339 3117 1516 3172 samem.

353 3188 400 3234 Ἰ.
434 3183 680 3229 Didicisse.
701 3182 871 3236 Ellipse
888 3182 944 3226 de
962 3194 1033 3230 se.

351 3252 399 3294 8.
434 3248 623 3300 Majoree
640 3257 764 3289 suos.
788 3250 851 3289 De
869 3244 950 3304 qui
972 3244 1143 3289 veut-il
1169 3244 1358 3299 parler?
1382 3247 1445 3287 De
1472 3240 1637 3286 Darius
1662 3244 1722 3284 1⁶¹·
1749 3245 1798 3285 et
1820 3240 1878 3285 de
1897 3240 2107 3285 xerxes?

351 3315 398 3358 9.
435 3309 596 3354 Arbela
621 3307 931 3364 (aujourd'hui
954 3307 1123 3360 Arbit).
1161 3324 1183 3347 κ
1208 3306 1255 3350 si
1284 3306 1534 3360 important
1560 3311 1651 3359 que
1680 3304 1769 3347 soit
1796 3315 1964 3348 encore
1983 3304 2108 3347 Arbil
2126 3306 2272 3360 parmi

298 3375 369 3420 les
406 3373 538 3417 &illes
567 3367 862 3416 secondaires
903 3370 960 3414 de
1003 3370 1045 3412 la
1078 3368 1417 3422 Mesopotamia,
1461 3367 1554 3411 elle
1591 3367 1710 3410 n'est
1750 3366 2061 3412 evidemment
2098 3368 2271 3422 qu'une

299 3437 450 3491 ruine,
479 3433 722 3489 comperce
751 3432 778 3475 ὲ
800 3443 854 3477 ce
883 3431 1051 3488 qu’elle
1069 3433 1141 3477 fut
1170 3431 1389 3475 autrefois
1414 3445 1441 3473 a>
1468 3429 1659 3486 (Rectus,
1675 3432 1743 3481 lx,
1773 3429 1893 3484 431).

354 3501 424 3545 10.
462 3498 707 3541 Talentum.
740 3495 811 3539 Cf.
838 3498 909 3543 111,
934 3504 1035 3543 xm,
1054 3499 1160 3537 note
1180 3496 1251 3539 13.

355 3566 428 3606 tl.
468 3560 521 3605 Ut
549 3569 684 3613 supra
711 3557 876 3600 dictum
895 3557 1065 3609 ese,1v‚
1096 3567 1165 3605 ix,
1182 3556 1231 3599 9.
