2517 3975
184 470 250 526 14

181 736 249 791 15

122 1001 248 1059 ·16

308 174 379 227 22
1073 185 1130 229 Q.
1168 185 1340 223 cum-1
1378 186 1514 225 anm

311 298 552 352 strenue
582 309 751 366 quam
782 292 945 348 tarde
976 293 1394 348 convalescere
1435 293 1581 348 mihi
1610 295 1826 351 melius
1863 299 1971 351 est.
2003 297 2278 368 Proinde,

309 384 363 436 si
391 382 531 453 quid
561 381 710 451 opiS‚
738 381 790 435 si
820 379 962 451 quid
988 380 1140 433 artis
1170 380 1227 435 in
1255 381 1499 436 medicis
1529 383 1638 449 est,
1672 383 1866 437 sciant
1892 400 1984 439 me
2013 401 2135 442 non
2164 389 2282 442 tam

306 471 516 525 mortis
555 483 731 539 quam
762 469 904 524 belli
943 468 1273 522 remedium
1296 469 1334 496 ¹¹
1383 485 1679 540 quaerere.
1719 490 1745 522 »
1798 471 2108 544 Ingentem
2151 490 2285 531 om-

306 561 484 615 nibus
508 560 842 615 incusserat
882 573 1086 614 curam
1113 559 1230 612 tam
1278 574 1549 630 praeceps
1580 563 1883 616 temeritas
1930 562 2085 634 ejus.
2116 563 2281 636 Ergo

304 664 411 719 pro
442 664 506 701 se
549 649 803 720 quisque
848 647 1081 717 precari
1122 662 1383 717 coepere,
1414 663 1490 702 ne
1530 648 1912 706 festinatione
1953 652 2283 722 periculum

305 739 567 808 augeret,
614 737 720 792 sed
771 742 934 791 esset
962 736 1001 762 ¹¹
1045 735 1108 790 in
1162 737 1454 806 potestate
1501 736 1862 792 medentium
1906 755 1923 793 ε
1969 740 2282 811 inexperta

302 825 563 880 remedia
602 826 759 882 haud
798 824 1021 897 injuria
1057 824 1212 894 ipsis
1233 825 1274 852 ¹³
1304 840 1440 879 esse
1471 829 1771 896 suspecta,
1807 843 1941 882 cum
1971 829 2048 883 ad
2082 830 2282 900 perni-

303 914 453 968 ciem
481 914 616 985 ejus
650 914 825 967 etiam
854 929 889 967 a
925 912 1110 967 latere
1141 912 1337 982 ipsius
1374 914 1624 983 pecunia
1668 916 2020 971 sollicitaret
2065 917 2274 975 hostis,

301 999 527 1072 Quippe
556 1001 774 1055 Darius
793 999 954 1054 mille
975 999 1196 1054 talenta
1214 998 1234 1016 *
1265 999 1638 1055 interfectori
1658 1002 1979 1058 Alexandri
2003 1005 2278 1061 daturum

286 1105 368 1145 se
405 1088 779 1160 pronuntiari
812 1088 1102 1160 Jusserat.
1151 1088 1356 1158 Itaque
1386 1103 1462 1144 ne
1491 1104 1780 1144 ausurum
1808 1092 2045 1163 quidem
2077 1109 2282 1165 quem·

301 1194 474 1250 quam
509 1178 952 1233 arbitrabantur
981 1176 1241 1246 experiri
1271 1177 1620 1248 remedium,
1647 1181 1805 1250 quod
1834 1184 2080 1252 propter
2099 1183 2275 1244 novi-

302 1270 480 1322 tatem
510 1269 719 1338 posset
749 1281 886 1321 esse
917 1267 1283 1336 suspectum.

1097 1512 1352 1567 CAPUT
1399 1512 1478 1567 VI

622 1662 916 1711 Alexandre
946 1665 1026 1710 est
1056 1661 1207 1726 gueri
1234 1675 1332 1725 par
1358 1662 1407 1712 le
1437 1663 1672 1713 medeoin
1702 1665 1952 1729 Philippe.

1079 1794 1346 1850 (Amemus,
1372 1797 1495 1852 333.)

371 1956 512 2013 Erat
537 1956 694 2011 inter
723 1953 955 2011 nobiles
986 1954 1272 2022 medicos,
1304 1972 1378 2011 ex
1408 1956 1751 2014 Macedonia
1780 1974 1986 2032 regem
2008 1964 2268 2033 secutus,

302 2048 628 2117 philippae,
670 2045 911 2111 natione
954 2045 1251 2112 Acarnan,
1298 2044 1454 2100 fidus
1493 2047 1805 2127 admodum
1851 2050 1976 2121 regi
2021 2067 2035 2104 t
2073 2067 2269 2135 puero

301 2151 499 2191 comes
547 2139 606 2189 et
639 2137 844 2189 custos
882 2133 1094 2188 salutis
1140 2134 1332 2201 dame,
1385 2150 1508 2189 non
1554 2140 1616 2189 ut
1664 2152 1866 2210 regem
1912 2136 2119 2209 modo,
2166 2143 2270 2196 sed

303 2226 479 2281 etiam
510 2227 573 2279 ut
603 2223 924 2289 alumnum,
959 2221 1175 2275 eximia
1218 2223 1462 2276 caritate
1502 2223 1808 2294 diligebat.
1851 2226 1909 2280 Is
1951 2228 2072 2282 no‘n
2113 2244 2269 2299 prae-

301 2331 440 2384 ceps
480 2329 568 2384 se,
617 2313 724 2368 sed
764 2314 1075 2366 strenuum
1125 2311 1455 2365 remedium
1500 2311 1744 2367 afferre¹
1780 2314 2109 2386 tantamque
2146 2318 2269 2372 vim

299 2401 494 2457 morbi
539 2402 782 2472 potione
829 2396 1143 2453 medicata¹
1190 2398 1519 2453 levaturum
1577 2414 1715 2454 esse
1761 2402 2058 2470 promisit.
2107 2402 2270 2460 Nulli

298 2490 658 2562 promissum
693 2486 823 2561 ejus
853 2486 1120 2558 placebat
1148 2487 1369 2556 praeter
1396 2487 1628 2556 ipsum³
1654 2488 1828 2560 cujus
1859 2492 2118 2560 periculo
2145 2492 2270 2564 pol·

298 2579 611 2635 licebaturae
632 2575 842 2632 Omnia
871 2575 1089 2647 quippe
1119 2573 1354 2628 facilius
1382 2591 1559 2645 quam
1591 2592 1815 2632 moram
1842 2581 2071 2651 perpeti
2100 2584 2267 2653 pote-

351 2761 424 2802 11.
454 2755 545 2799 Non
576 2757 663 2797 tam
692 2752 846 2796 mortio
883 2764 1006 2809 quam
1051 2750 1160 2795 belh·
1183 2751 1443 2795 remedium.
1483 2751 1604 2797 C'est
1635 2763 1723 2807 peu
1753 2755 1886 2798 olair.
1925 2755 2093 2807 Quinte
2121 2760 2268 2802 eume

298 2821 408 2862 veut
432 2818 564 2861 dire:
586 2820 652 2859 Un
679 2813 864 2858 remede
880 2815 960 2870 qui
980 2825 1053 2857 me
1082 2817 1313 2868 permette
1342 2824 1435 2857 non
1455 2824 1539 2868 pas
1563 2817 1669 2858 tant
1697 2809 1981 2872 d’ochappe'r
2002 2820 2028 2862 a
2055 2821 2101 2862 la
2134 2825 2270 2868 mort,

298 2893 388 2936 que
403 2881 460 2925 de
479 2878 737 2923 combattre
757 2881 805 2921 et
829 2876 888 2922 de
908 2877 1120 2920 vainore.

350 2948 421 2988 12.
455 2940 643 2987 Precari
665 2950 719 2983 ne
737 2943 933 2993 anyer-et.
949 2971 1011 2991 ..,
1036 2936 1116 2982 ced
1136 2939 1270 2991 esset,
1286 2937 1628 2982 sous-entendu
1654 2942 1704 2981 ut
1724 2938 1895 2984 devant
1913 2947 2051 2990 esset.

350 3009 424 3050 13.
456 3001 666 3059 Ipsi-amr.
689 3004 767 3055 111,
797 3012 827 3054 1,
856 3005 962 3044 note
981 3001 1076 3055 12).

351 3070 504 3110 vl..-
522 3062 566 3112 1'.
595 3065 649 3109 Se
675 3065 893 3118 afferre..
909 3091 923 3106 .
942 3066 986 3107 et
1012 3063 1253 3106 levaturum
1274 3071 1374 3105 esse
1388 3060 1620 3114 promisit.
1644 3065 1847 3120 zeugma
1865 3078 1980 3111 aveo
2007 3066 2131 3113 deux
2158 3079 2268 3123 pro-

299 3129 525 3183 positione
546 3126 626 3182 (ef.
656 3129 728 3179 111,
758 3136 821 3180 iv,
842 3129 953 3168 note
970 3123 1065 3175 22).
1089 3123 1304 3168 Promisit
1332 3133 1443 3166 avec
1471 3125 1639 3179 afferre
1658 3135 1685 3167 a
1705 3125 1751 3169 le
1772 3138 1884 3172 sens
1905 3129 1963 3172 de
1982 3144 2006 3170 α
2029 3129 2127 3175 dire
2148 3146 2175 3171 2>
2195 3141 2207 3173 :
2230 3132 2266 3175 n

299 3191 364 3236 aa
393 3190 498 3246 qu'zl
539 3187 796 3244 opportuit:
832 3187 985 3237 sinon,
1015 3185 1049 3228 il
1087 3185 1291 3229 faudrait
1318 3184 1362 3227 le
1392 3184 1623 3240 participe
1653 3185 1782 3232 futur
1819 3201 1996 3234 comme
2024 3191 2264 3237 levaturum

301 3264 419 3298 cese.
453 3250 698 3305 Comparez
735 3249 871 3299 Sall..
908 3247 1037 3303 ἄειρε,
1070 3248 1196 3302 LXII,
1224 3250 1252 3290 3
1284 3256 1297 3289 :
1328 3246 1565 3291 Mittuntur
1588 3248 1647 3291 ad
1677 3249 1980 3304 imperatorem
2007 3253 2158 3308 leuati,
2192 3256 2267 3310 qm*

300 3310 557 3370 Juqurmam
575 3313 790 3367 imperata
822 3310 1054 3353 facturum
1078 3308 1287 3353 dicerent
1324 3318 1376 3352 ac
1406 3308 1504 3354 eine
1536 3308 1633 3354 ulla
1663 3312 1863 3365 pactione
1890 3325 1988 3358 sese
2007 3326 2266 3373 remumque

299 3388 425 3423 suum
454 3376 499 3420 iu
522 3375 650 3419 illius
670 3374 794 3429 fidem
824 3372 1029 3418 tradere.

354 3443 402 3485 2.
434 3436 665 3491 Medicam,
694 3444 872 3481 comme
889 3431 1081 3480 salubri.

355 3508 401 3548 3.
433 3499 603 3545 Praeter
623 3496 785 3554 ipsum.
810 3496 855 3547 Ia
868 3500 942 3543 est
969 3492 1065 3540 tres
1088 3497 1285 3540 souvent
1298 3494 1414 3540 omis
1441 3505 1524 3554 par
1543 3493 1711 3549 Quinte
1731 3496 1874 3551 Curce
1905 3495 2073 3553 derant
2091 3500 2204 3554 ipse.
