2517 3975
334 906 362 960 1

333 1086 365 1137 ω

418 242 521 296 364
649 269 656 276 ·
1181 257 1235 301 Q·
1278 258 1446 295 cuim
1484 258 1617 295 num

1208 445 1461 500 CAPUT
1498 446 1580 500 111

697 576 940 624 Punition
984 578 1076 625 des
1117 578 1329 625 mutinS.
1369 605 1426 614 --
1461 578 1718 626 Discours
1762 578 2107 627 d’Alexandrc

1038 669 1140 704 aux
1179 661 1394 718 troupes
1433 656 1756 731 etrangeres.

1182 772 1476 828 (Printemps,
1505 772 1620 827 324.)

492 910 639 976 Quis
669 908 934 964 crederet
963 923 1185 962 saevam
1229 907 1405 977 paulo
1453 910 1588 962 ante
1632 910 1973 965 contionem
2013 909 2357 980 obtorpuisse

422 998 616 1053 subito
681 999 838 1051 metu
862 998 890 1049 ἰ)
921 995 1013 1062 Et,
1055 1012 1189 1049 cum
1223 995 1304 1048 ad
1350 996 1705 1065 supplicium
1743 997 1974 1052 videret
2015 998 2167 1054 trahi
2205 995 2357 1051 nihilo

420 1102 602 1142 ausos
649 1085 927 1157 graviora
965 1101 1140 1157 quam
1183 1087 1437 1152 ceteroS,
1482 1086 1612 1140 sive
1639 1086 1898 1140 nominis
1919 1088 1960 1154 ¹,
1995 1087 2151 1158 quod
2181 1090 2358 1156 gentes

420 1191 551 1246 quae
582 1178 718 1228 sunt
746 1173 858 1227 sub
889 1174 1132 1245 regibus
1162 1174 1312 1227 inter
1328 1173 1473 1227 deos
1504 1174 1756 1241 colunt²‚
1782 1176 1912 1229 sive
1932 1176 2175 1245 propria
2197 1174 2358 1243 ipsius

419 1261 746 1327 veneratio,
782 1260 909 1315 sive
952 1261 1167 1315 fiducia
1196 1264 1355 1315 tanta
1401 1262 1464 1315 vi
1508 1263 1842 1317 exercentis
1884 1264 2202 1332 imperium
2246 1277 2359 1315 eon-

419 1350 629 1406 terruit
660 1365 760 1406 eos
789 1368 802 1404 ε
833 1351 1135 1422 singulare
1165 1353 1325 1405 certe
1356 1351 1664 1405 ediderunt
1692 1352 1992 1420 patientiae
2033 1351 2353 1421 exemplum,

419 1440 682 1510 adeoque
710 1455 830 1494 non
859 1442 996 1494 sunt
1024 1441 1264 1495 accensi
1294 1440 1590 1509 supplicio
1621 1440 2100 1505 commilitonum,
2119 1457 2239 1495 cum
2267 1438 2354 1493 sub

419 1531 650 1583 noctem
677 1527 1021 1583 interfectos
1050 1544 1187 1583 esse
1217 1532 1605 1600 cognossent,
1638 1533 1701 1583 ut
1729 1529 1877 1583 nihil
1897 1531 2208 1584 omiserint
2231 1525 2354 1599 quod

420 1613 682 1688 [singuli]
719 1616 914 1687 magis
944 1615 1316 1670 oboedienter
1343 1617 1399 1669 et
1437 1617 1533 1684 pie
1565 1617 1844 1671 facerent.
1871 1616 2045 1682 Nam,
2076 1633 2210 1671 cum
2246 1630 2353 1686 pos-

418 1709 542 1758 tero
561 1705 655 1758 die
682 1704 962 1773 prohibiti
984 1703 1144 1757 aditu
1165 1704 1329 1776 regis
1353 1706 1578 1771 essent,
1598 1704 1874 1759 Asiaticis
1905 1705 2077 1760 modo
2099 1705 2352 1760 militibus

420 1793 718 1859 admissis,
746 1793 1058 1863 lugubrem
1079 1792 1220 1847 totis
1250 1793 1464 1848 castris
1480 1793 1501 1814 *
1523 1793 1760 1848 edidere
1791 1794 2130 1859 clamorem,
2153 1795 2347 1849 denun-

417 1883 633 1935 tiantes
654 1882 927 1950 protinus
959 1881 1132 1935 esse⁸
1155 1882 1500 1948 moriturOS,
1525 1897 1578 1935 si
1608 1897 1711 1935 rex
1748 1887 2165 1951 perseveraret
2184 1881 2346 1936 irasci.

417 1969 491 2023 At
517 1968 643 2039 ille,
672 1968 1002 2039 pervicacis
1033 1967 1106 2021 ad
1135 1969 1333 2023 omnia
1362 1984 1493 2039 quae
1539 1969 1830 2041 agitasset
1877 1970 2086 2042 animi,
2122 1969 2355 2042 peregri-

419 2072 631 2112 norum
686 2056 932 2109 militurn
985 2057 1330 2110 contionem
1384 2058 1660 2111 advocari
1697 2056 1904 2128 jubet,
1966 2059 2357 2113 Macedonibus

419 2148 574 2200 intra
601 2145 832 2200 castra*
861 2145 1161 2212 cohibitiS‚
1186 2148 1264 2212 et,
1289 2162 1422 2199 cum
1452 2145 1792 2217 frequentes
1822 2148 2111 2216 coissent,
2137 2146 2359 2203 adhibito

419 2237 757 2307 interprete,
789 2236 966 2290 talem
997 2236 1326 2290 orationem
1355 2235 1563 2290 habuit
1594 2254 1608 2289 t

496 2346 519 2372 «
549 2322 695 2378 Cum
717 2323 736 2350 ⁴
765 2340 842 2378 ex
881 2325 1122 2393 Europa
1165 2323 1503 2394 trajicerem
1542 2323 1604 2377 in
1652 2324 1875 2391 Asiam,
1907 2325 2126 2380 multas
2163 2323 2362 2380 nobiles

420 2417 649 2485 genteS,
679 2428 959 2483 magnam
984 2412 1108 2466 vim
1127 2413 1146 2440 '⁵
1172 2411 1480 2466 hominum
1504 2411 1749 2482 imperio
1781 2428 1912 2467 meo
1939 2428 2032 2467 me
2062 2413 2364 2468 additurum

423 2518 559 2557 esse
604 2501 936 2571 sperabam.
985 2501 1112 2556 Nec
1157 2501 1439 2570 deceptus
1487 2516 1648 2569 sum,
1702 2501 1861 2572 quod
1909 2501 1979 2555 de
2027 2500 2124 2556 his
2169 2498 2367 2556 credidi
2454 2546 2455 2551 ,

422 2590 613 2646 famae.
654 2588 773 2644 Sed
812 2591 885 2643 ad
924 2588 1028 2644 illa
1061 2588 1174 2643 hoc
1215 2604 1450 2658 quoque
1489 2588 1761 2657 accessit,
1803 2589 1960 2661 quod
1989 2589 2165 2645 video
2201 2587 2368 2644 fortes

422 2679 590 2733 viros
637 2681 694 2733 et
748 2691 894 2746 erga
947 2692 1128 2749 reges
1183 2692 1325 2731 suos
1380 2677 1619 2747 pietatis
1672 2677 1922 2731 invictae.
1975 2676 2144 2731 Luxu
2195 2675 2368 2733 omnia
2454 2730 2455 2761 Ξ

424 2770 611 2825 fluere
657 2768 1020 2824 credideram
1060 2770 1118 2821 et
1164 2767 1346 2820 nimia
1391 2765 1669 2820 felicitate
1717 2767 1904 2837 mergi
1941 2766 2004 2819 in
2037 2766 2363 2839 voluptates.

424 2858 519 2925 At,
560 2857 853 2923 herculeS,
900 2856 1105 2909 munia
1150 2853 1376 2908 militiae
1424 2853 1535 2908 hoc
1582 2853 1913 2908 animorum
1960 2864 2366 2923 corporumque
2454 2848 2455 2863 ³

423 2947 640 3000 robore
670 2960 837 3017 aeque
868 2944 1125 3014 impigre
1153 2944 1437 3012 toleratis,
1469 2946 1547 3007 et,
1580 2958 1708 2996 cum
1741 2941 1922 2997 fortes
1945 2941 2066 2995 viri
2096 2944 2245 3011 sitia,
2266 2953 2364 2994 non

424 3033 833 3089 fortitudinem
887 3034 1080 3105 magis
1138 3048 1317 3104 quam
1375 3032 1550 3086 fidem
1608 3034 1822 3089 colitis.
1874 3031 2009 3086 ‘Hoc
2067 3049 2176 3105 ego
2230 3042 2361 3084 nuuc

302 3131 370 3185 10
425 3124 676 3191 primum
731 3123 1037 3193 profiteor,
1086 3121 1193 3176 sed
1252 3119 1442 3175 olim⁰
1489 3122 1636 3174 scio.
1689 3120 1887 3191 ltaque
1938 3122 1993 3174 et
2041 3119 2294 3176 dilectum
2334 3129 2359 3166 e

480 3275 557 3316 111.
595 3293 646 3301 —-
674 3275 714 3313 ἱ.
732 3271 950 3323 Nemini-⁹,
978 3268 1260 3314 c’est-a-dire
1288 3269 1482 3312 nominis
1510 3269 1641 3322 reati.

478 3339 522 3375 2.
553 3331 713 3374 Colunt
740 3332 859 3375 inter
890 3335 1007 3384 deos,
1039 3334 1268 3375 honorent
1296 3343 1473 3375 comme
1501 3333 1584 3375 des
1614 3331 1766 3375 dieux.

481 3398 521 3438 3.
550 3392 682 3435 Esse.
707 3392 880 3445 Ellipse
908 3395 970 3437 du
993 3395 1115 3448 sujet
1142 3405 1211 3439 se.

482 3459 523 3497 4.
554 3453 659 3495 Cum
681 3455 906 3504 temporel
930 3466 1044 3498 avec
1070 3457 1116 3498 le
1143 3455 1417 3509 subjunctis.
1453 3456 1521 3499 Cf.
1549 3459 1622 3508 111,
1648 3467 1714 3510 iv,
1747 3460 1852 3501 note
1874 3457 1913 3497 3.

481 3519 522 3557 5.
559 3514 666 3562 Vim,
686 3523 864 3554 comme
888 3515 1069 3568 copiam.
1390 3566 1393 3569 ,

483 3579 525 3616 6.
558 3573 688 3618 Olim.
716 3572 882 3625 depuis
909 3575 1186 3629 longtemps.
1211 3579 1283 3621 Cf.
1311 3582 1359 3633 V,
1392 3591 1434 3634 v,
1471 3585 1576 3624 note
1607 3581 1671 3625 15.
