2517 3975
551 266 935 307 ms‘romanuu
973 262 1304 305 Anssxannm
1342 268 1443 319 vn,
1485 268 1565 305 ix.
1819 233 1825 240 ’
1942 252 2042 306 251

106 371 234 427 lium
271 374 630 430 suadentium
672 393 746 432 ne
789 374 929 448 quid
970 378 1192 430 temere
1237 375 1295 429 et
1333 374 1610 432 audacter
1650 373 1844 440 faciat,
1878 390 2048 431 secu-

106 466 300 517 turum.
336 487 360 513 n
394 461 786 537 Dimissisque
814 466 1044 537 legatis,
1075 465 1137 518 in
1166 463 1537 535 praeparatas
1576 465 1772 520 rates*
1812 467 2046 521 exerci-
2100 467 2135 521 2

105 555 212 606 tum
255 553 532 624 imposuit
549 555 589 610 ³.
629 556 697 609 In
743 554 941 625 proris
987 554 1274 623 clipeatos
1303 553 1326 576 *
1370 554 1688 624 locaverat,
1723 554 1937 626 jussos
1985 556 2048 609 in

107 658 280 713 genua
308 644 639 712 subsidere,
673 660 788 716 quo
816 643 1065 699 tutiores
1093 646 1295 698 essent
1325 643 1653 698 adversus⁸
1683 644 1839 698 ictus
1867 645 2050 716 sagit·-

107 732 271 785 tarum
291 732 333 786 *.
362 733 506 788 Post
553 734 687 803 hoS,
730 732 829 802 qui
877 736 1173 786 tormenta
1192 731 1254 784 ⁴.*
1284 733 1654 787 intenderent
1698 734 1950 800 stabant,
1993 738 2051 788 et
2101 742 2135 794 3

109 818 167 873 ab
195 823 434 893 utroque
474 824 660 878 latere
699 826 755 876 et
795 838 829 876 a
864 820 1059 875 fronte
1102 821 1448 876 circumdati
1493 822 1754 876 armatis.
1789 822 2045 892 Reliqui,

108 909 187 976 qui
227 913 356 980 post
399 913 692 965 tormenta
736 910 1145 979 constiterant,
1185 909 1507 980 remigem⁸
1536 910 1757 964 lorica*
1787 926 1907 965 non
1948 911 2045 964 in-

106 994 276 1052 dutum
303 999 648 1055 scutorum*
670 999 963 1054 testudine
984 998 1003 1020 *
1033 1000 1243 1052 armati
1272 999 1682 1070 protegebant.
1706 1000 1867 1054 ldem
1899 1000 2044 1055 ordo
2100 1009 2131 1062 4

105 1083 153 1138 in
190 1087 301 1141 illis
344 1104 582 1160 quoque
628 1089 876 1159 ratibuS,
917 1103 1048 1158 quae
1099 1089 1354 1158 equitem
1404 1088 1720 1154 vehebant,
1768 1092 2045 1144 servatus

106 1176 193 1228 est.
220 1176 407 1248 Major
434 1194 582 1248 pars
631 1194 664 1231 a
704 1177 938 1248 puppe⁶
977 1178 1187 1231 nantes
1229 1192 1418 1248 equos
1461 1177 1612 1231 loris
1656 1177 1942 1232 trahebat.
1972 1179 2046 1232 At

104 1262 233 1330 illos,
262 1283 408 1337 quos
439 1271 608 1322 utres
649 1271 969 1322 stramento
1006 1267 1218 1336 repleti
1256 1266 1571 1336 vehebant,
1603 1265 1851 1338 objectae
1882 1270 2047 1322 rates

102 1353 405 1413 tuebantur.

158 1444 275 1515 Ipse
308 1463 414 1502 rex
460 1464 597 1503 cum
649 1446 891 1502 delectis
932 1448 1162 1516 primus
1206 1450 1390 1501 ratem
1431 1446 1625 1514 solvit,
1661 1450 1717 1501 et
1753 1447 1815 1500 in
1852 1448 2042 1518 ripam
2098 1456 2132 1509 5

104 1529 249 1605 dirigi
271 1534 473 1606 jussit.
498 1535 613 1589 Cui
636 1534 868 1606 Scythae
900 1534 1170 1589 admotos
1203 1536 1444 1589 ordines
1476 1535 1734 1605 equitum
1765 1535 1827 1588 in
1851 1537 2041 1604 primo

102 1621 217 1690 ripae
247 1626 539 1698 margine⁷
563 1626 890 1695 opponunt,
922 1627 986 1678 ut
1016 1642 1089 1678 ne
1117 1624 1397 1694 applicari
1420 1626 1657 1694 quidem
1688 1628 1860 1678 terrae
1882 1629 2043 1679 rates

100 1717 332 1777 possent.
360 1715 660 1781 Ceterum,
693 1718 907 1784 praeter
946 1714 1098 1766 hanc
1136 1714 1398 1782 speciem
1435 1713 1586 1783 ripis
1627 1713 2041 1783 praesidentis⁸
2098 1722 2133 1776 6

104 1804 388 1873 exercituS,
442 1805 663 1875 ingens
720 1803 1074 1874 navigantes
1124 1803 1327 1856 terror
1376 1803 1679 1857 invaserat
1723 1820 1735 1856 ε
1791 1818 2040 1872 namque

104 1902 305 1945 cursum
340 1893 800 1964 gubernatores,
837 1907 968 1945 cum
1008 1891 1243 1960 obliquo
1292 1892 1534 1946 flumine
1573 1892 2036 1962 impellerentur,

104 1993 275 2051 regere
311 2000 429 2037 non
468 1986 764 2054 poterant,
796 1981 1257 2051 vacillantesque
1297 1981 1534 2050 militeS‚
1569 1986 1624 2037 et
1672 1999 1747 2036 ne
1796 1984 2039 2037 excute-

104 2072 271 2124 rentur
297 2073 564 2140 solliciti,
601 2074 904 2126 nautarum
946 2070 1278 2124 ministeria
1318 2070 1726 2128 turbaverant.
1755 2071 1844 2126 Ne
1884 2069 2039 2125 tela*
2094 2079 2127 2131 7

106 2158 297 2225 quidem
325 2161 521 2217 conati
551 2160 690 2214 nisu
714 2159 947 2214 vibrare
986 2162 1279 2229 poterant,
1316 2174 1447 2212 cum
1478 2159 1642 2227 prior
1672 2160 1868 2215 standi
1906 2161 2036 2214 sine

103 2248 324 2312 periculo
369 2266 549 2321 quam
596 2248 832 2304 hostem
879 2246 1221 2302 incessendi
1259 2263 1402 2300 cura
1445 2251 1624 2305 esset.
1669 2249 1988 2302 Tormenta
2015 2247 2036 2268 *

104 2335 244 2391 saluti
268 2339 526 2409 fuerunt,
559 2338 773 2408 quibus
807 2337 869 2391 in
908 2337 1206 2391 confertos
1248 2353 1317 2389 ac
1355 2340 1575 2391 temere
1616 2353 1681 2391 se
1715 2337 2035 2392 offerentes

101 2419 223 2479 haud
248 2428 469 2483 frustra
502 2443 756 2482 excussa
786 2430 924 2481 sunt
965 2426 1079 2480 tela
1099 2426 1138 2479 *.
1172 2426 1422 2480 Barbari
1461 2443 1695 2498 quoque
1733 2427 2036 2497 ingentem
2091 2439 2123 2491 8

103 2511 219 2567 vim'
247 2516 641 2589 sagittarum*
670 2514 935 2569 infudere
974 2514 1224 2578 ratibuS,
1255 2516 1481 2585 vixque
1524 2515 1709 2568 ullum
1755 2515 1862 2569 fuit
1901 2532 2035 2570 scu-

103 2602 195 2656 tum
211 2605 249 2672 *,
281 2608 436 2677 quod
468 2622 589 2659 non
615 2604 891 2678 pluribus
920 2604 1097 2658 simul
1126 2604 1375 2674 spiculis
1396 2604 1416 2624 *
1445 2604 1865 2673 perforaretur.

152 2690 377 2768 Jamque
419 2701 600 2752 terrae
640 2697 798 2748 rates
822 2692 844 2716 ‘⁶
873 2693 1345 2765 applicabantur,
1378 2708 1511 2746 cum
1549 2695 1709 2748 acies
1746 2694 2032 2764 clipeata*
2089 2705 2125 2760 9

140 2859 178 2900 ἢ.
207 2862 391 2916 passage
410 2864 476 2907 du
496 2861 678 2905 Tanais.
699 2884 754 2893 -
769 2860 827 2904 Le
850 2863 1018 2904 Tanais
1043 2860 1246 2913 (Iaxarte
1265 2881 1319 2892 —
1339 2859 1566 2904 Sir-naria
1595 2861 1903 2916 aujourd'bui)
1932 2865 2045 2907 nait..

101 2926 145 2958 au
165 2932 277 2967 coeur
305 2927 452 2969 meme
496 2926 578 2967 des
617 2927 762 2966 Monts
795 2925 1023 2967 celestes.
1059 2925 1141 2966 ses
1179 2934 1298 2965 caux
1329 2928 1541 2966 arrosent
1569 2935 1650 2978 par
1683 2924 1740 2967 de
1772 2926 2035 2970 nombreux

101 2987 244 3026 eanaux
280 2986 324 3029 la
352 2986 510 3040 plaine
538 2986 597 3027 de
628 2987 887 3039 Ferghana.
942 2985 972 3025 ll
1002 2995 1054 3026 se
1079 2984 1194 3037 jette
1234 2985 1349 3026 dans
1378 2985 1422 3025 la
1463 2996 1558 3026 mer
1587 2984 1755 3028 d’Aral.
1792 2986 1872 3028 s'il
1903 2999 1928 3028 a
1957 2987 2031 3030 ete

101 3037 286 3141 garnuent
309 3048 366 3092 de
392 3051 438 3092 la
468 3046 746 3101 Caspienne,
775 3047 808 3090 il
833 3047 907 3089 n'a
936 3057 1000 3099 pu
1027 3045 1161 3091 l'etre
1180 3057 1270 3101 que
1299 3054 1383 3100 par
1402 3046 1449 3088 le
1477 3047 1750 3091 Yani-Daria
1771 3053 1820 3091 et
1835 3048 2035 3094 l’Amou-

131 3114 232 3152 ana.

138 3165 172 3209 3-
201 3170 329 3217 Tutus
353 3174 583 3217 adversus.
617 3172 690 3217 cf.
717 3174 787 3226 Vl,
812 3182 894 3224 vu,
923 3175 1031 3214 note
1067 3177 1107 3214 1.

139 3227 185 3275 4.
211 3232 454 3281 Tormenta.
484 3235 580 3289 CL,
601 3246 682 3278 sur
701 3246 755 3277 ce
780 3238 891 3285 mot,
919 3236 990 3288 lv,
1018 3244 1074 3286 11,
1100 3237 1207 3276 note
1232 3233 1285 3279 8.

138 3294 174 3333 5.
205 3293 434 3355 Remiqem,
464 3303 514 3343 et
542 3298 646 3352 plus
674 3296 770 3340 loin
797 3296 1002 3351 equitem,
1044 3295 1275 3350 singulier
1307 3307 1366 3339 au
1403 3307 1512 3342 sens
1543 3299 1762 3344 collectis.
1794 3299 1868 3347 Cf.
1892 3304 1966 3355 111,
1998 3312 2031 3355 1,

101 3358 186 3398 note
202 3356 244 3404 3,

138 3420 175 3460 6.
208 3420 367 3477 Puppe.
403 3427 489 3469 Les
516 3424 677 3478 poetes
696 3421 929 3478 preferent
952 3432 1097 3476 puppe
1125 3419 1153 3464 ὲ,
1176 3422 1334 3478 puppi,
1361 3423 1532 3480 malgre
1557 3423 2033 3480 l’accusatirpuppim.

139 3484 177 3523 7.
206 3482 407 3539 flamine,
436 3487 673 3541 poetique.

141 3542 178 3583 8.
208 3542 507 3603 Praesidentis,
526 3550 638 3591 avec
667 3542 803 3592 l'idce
832 3546 889 3592 ‘de
913 3546 1191 3600 proesidium.

143 3606 181 3649 9.
215 3605 303 3651 Vim
327 3619 503 3655 comme
531 3609 720 3665 copiam.
1076 3604 1083 3615 ’
