2517 3975
557 282 950 322 ms‘romAmm
988 282 1321 323 Annxmnm
1357 286 1436 334 νι,
1478 284 1582 323 vn.
1955 267 2056 324 191

122 397 260 451 lotan
299 396 539 461 adisset,
581 410 651 448 an
690 394 1001 450 institisset
1039 397 1094 451 ei
1121 399 1183 450 ut
1210 396 1651 467 pervenirent²⁸
1688 396 1762 450 ad
1799 411 1885 464 se,
1926 412 2063 466 per-

122 487 414 540 severante
452 500 522 539 eo
559 483 850 538 affirmare
889 501 1018 555 quae
1057 485 1304 552 dixerat,
1337 502 1549 540 manus
1579 486 1653 540 ad
1691 485 1899 540 caelum
1933 487 2062 540 ten-

122 573 272 642 denS,
303 573 679 627 manantibus
708 550 986 640 lacrimis,
1019 574 1169 627 hanc
1198 572 1312 628 sibi
1350 589 1382 627 a
1419 573 1730 628 carissimo
1769 573 2062 645 quondam

123 662 431 717 amicorum
450 662 473 682 *
509 662 753 714 relatam
789 663 1040 739 gratiam
1071 662 1447 741 querebatur.

183 750 337 805 Inter
375 748 500 805 haec
526 749 815 821 Dymnus,
845 751 1002 805 haud
1026 751 1273 822 ignarus
1302 767 1478 822 quam
1500 751 1575 806 ob
1606 767 1847 805 causam
1877 765 2066 806 accer-

124 842 339 894 seretur
367 856 398 893 a
428 855 591 910 rege,
625 839 821 912 gladio
842 840 884 909 *‚
919 856 1032 911 quo
1069 840 1223 894 forte
1260 843 1387 894 erat
1417 840 1663 908 cinctus,
1694 840 1960 911 graviter
1996 856 2064 895 se

124 929 390 996 vulnerat,
425 944 794 1000 occursuque
833 929 1186 983 satellitum*
1216 929 1526 996 inhibitae,
1559 929 1860 1000 perfertur
1885 929 1949 983 in
1975 944 2068 984 re-

125 1017 283 1085 giam.
321 1013 508 1079 Quem
543 1017 782 1077 intuens
820 1030 926 1073 rex
969 1035 980 1070 :
1027 1039 1050 1065 α
1093 1017 1281 1084 Quod,
1335 1016 1551 1088 inquit,
1590 1018 1660 1075 in
1696 1019 1774 1085 te,
1816 1018 2063 1088 Dymne,

2119 752 2190 808 29

2121 1020 2195 1078 30

125 1107 333 1161 tantum
376 1105 637 1176 cogitavi
673 1104 859 1171 nesae,
907 1108 973 1163 ut
1016 1106 1125 1164 tibi
1162 1105 1553 1163 Macedonum
1601 1121 1788 1177 regno
1826 1105 2069 1175 dignior
2143 1114 2152 1121 '

124 1191 370 1251 Philotas
406 1208 502 1248 me
531 1209 764 1265 quoque
793 1195 925 1264 ipso
963 1194 1312 1259 videretur?
1349 1214 1372 1243 ι
1416 1193 1588 1252 Illum
1611 1194 1739 1264 jam
1773 1192 2069 1261 defecerat

56 1280 57 1343 j
126 1296 247 1339 vox,
301 1281 523 1353 Itaque,
583 1282 736 1341 edito
783 1284 1025 1352 gemitu,
1080 1284 1368 1355 vultuque
1424 1299 1458 1337 a
1513 1285 1842 1353 conspectu
1896 1283 2068 1354 regia

128 1384 341 1437 averso,
375 1369 629 1433 subinde
656 1370 954 1440 collapsus
983 1371 1405 1444 exstinguitur.

185 1458 329 1524 Rea,
351 1459 583 1522 Philota
611 1460 816 1520 venire
846 1461 907 1519 in
934 1461 1161 1532 regiam
1180 1461 1358 1532 ¹jusso
1384 1478 1397 1517 :
1439 1481 1461 1508 α
1485 1459 1825 1527 CebalinuS,
1857 1457 2066 1528 inquit,

127 1545 376 1608 ultimum
415 1549 773 1619 supplicium
819 1550 1085 1617 meritus,
1145 1550 1199 1603 si
1252 1550 1314 1617 in
1359 1551 1531 1618 caput
1586 1563 1784 1605 meum
1835 1558 2070 1616 praepa·-

127 1638 269 1697 ratas
302 1637 555 1698 iusidias
592 1638 769 1695 biduo
807 1638 1028 1703 texit²⁷,
1058 1637 1242 1710 hujus
1282 1637 1551 1695 criminis
1581 1635 1857 1697 Philotan
1901 1651 2071 1710 reum

129 1726 433 1803 substituit,
465 1727 539 1786 ad
569 1743 738 1797 quem
766 1728 1039 1797 protinus
1066 1728 1351 1785 indicium
1383 1726 1669 1785 detulisse
1699 1739 1766 1781 se
1796 1724 2066 1787 affirmat.

129 1811 239 1877 Quo
271 1815 550 1885 propiore
579 1814 765 1888 gradu
802 1815 1072 1874 amicitiae
1109 1825 1198 1872 me
1236 1815 1557 1887 contingiS,
1598 1815 1710 1879 hoc
1745 1811 1943 1889 majus
1981 1813 2073 1871 est

2125 1465 2190 1520 31

2127 1821 2196 1876 32

129 1902 614 1975 dissimulationis
640 1908 757 1959 tuae
800 1904 1048 1975 facinus»,
1088 1909 1146 1961 et
1184 1920 1299 1977 ego
1339 1902 1617 1963 Cebalino
1656 1903 1850 1975 magis
1896 1914 2073 1972 quam
2151 1912 2158 1919 ·

130 1990 357 2062 Rhilqtae
384 1991 446 2050 id
475 1993 797 2049 convenire
824 1993 1032 2049 fateor.
1082 1993 1403 2051 Faventem
1440 1991 1628 2048 habes
1660 1990 1942 2062 judicem,
1993 1989 2069 2057 si,

130 2081 271 2147 quod
298 2081 523 2139 admitti
562 2098 682 2138 non
713 2083 994 2153 oportuit,
1034 2083 1241 2139 saltem
1272 2080 1516 2151 purgari
1546 2081 1759 2149 potest.
1788 2100 1812 2128 n
1836 2078 1927 2137 Ad
1946 2077 2076 2137 haec

131 2166 381 2228 Philotas
409 2170 567 2226 haud
588 2177 730 2226 sane
768 2171 1055 2242 trepiduS‚
1096 2171 1151 2224 si
1188 2168 1422 2226 animus
1448 2168 1613 2224 vultu
1644 2168 2070 2233 oestimeretur,

136 2276 154 2302 κ
189 2255 528 2316 Cebalinum
565 2259 802 2329 quidem
841 2260 1020 2314 scorti
1048 2273 1383 2316 sermonem
1404 2256 1477 2330 ed
1516 2270 1582 2312 se
1619 2255 1931 2320 detulisse,
1967 2253 2075 2333 sed

131 2342 313 2414 ipsum
349 2350 467 2404 tam
504 2348 621 2404 levi
649 2349 873 2414 auctori
911 2347 1058 2402 nihil
1096 2346 1425 2405 credidisse
1456 2345 1781 2416 respondit,
1821 2343 2076 2414 veritum

134 2449 196 2488 ne
238 2435 347 2491 hoc
384 2453 506 2492 non
562 2437 694 2492 sinc
740 2437 869 2492 risu
917 2437 1164 2492 aliorum
1214 2435 1522 2491 detulisset
1569 2449 1585 2489 τ
1636 2449 1771 2490 cum
1811 2433 2076 2502 Dyman

2130 2088 2199 2143 33

2131 2444 2198 2499 34

134 2527 302 2579 semet
346 2526 733 2595 interemerit,
782 2526 1225 2597 qualiacumque
1280 2528 1471 2588 erant,
1520 2538 1638 2596 non
1693 2521 1881 2582 fuisse
1936 2519 2077 2583 reii-
2135 2533 2162 2544 ’·

135 2612 321 2668 conda.
358 2634 381 2667 n
411 2613 888 2686 complexusque
916 2625 1153 2687 regem,
1185 2628 1358 2668 orare
1386 2612 1565 2681 eoepit
1609 2613 1675 2670 ut
1722 2608 2077 2682 praeteritam

135 2699 300 2756 vitam
334 2704 534 2773 potius
569 2718 746 2772 quam
773 2702 1023 2772 culpam,
1057 2701 1280 2758 silentii
1309 2703 1524 2765 tamen.
1557 2714 1678 2756 non
1707 2696 1846 2770 secti
1871 2696 2075 2775 ullius,

134 2784 464 2846 intueretur.
514 2791 687 2846 Haud
732 2790 904 2850 facile
943 2790 1195 2848 dixerim
1241 2786 1694 2848 credideritnfl²⁸
1742 2786 1797 2865 ei
1836 2800 1963 2849 rex,
2002 2799 2077 2850 an

136 2875 294 2932 altius
324 2879 469 2940 iram
505 2880 900 2950 suppresserit
941 2895 953 2934 :
989 2880 1289 2935 dexteram
1320 2876 1711 2940 reconciliatae
1744 2874 1956 2947 gratim
1980 2874 2077 2944 pi·—

2134 2798 2202 2854 35

139 2976 279 3030 gnus
307 2969 534 3038 obtulit,
565 2972 627 3023 ct
651 2972 1050 3038 contemptum
1080 2967 1275 3038 magis
1304 2975 1480 3037 quam
1509 2965 1776 3025 celatum*
1797 2963 2081 3026 indicium
2134 2987 2166 3022 5.

142 3064 256 3108 esse
284 3057 472 3112 videri
503 3058 620 3113 sibi
648 3058 812 3113 dixit.

185 3302 249 3346 26.
281 3303 571 3350 Pervenirent
591 3316 618 3349 a
638 3317 750 3360 pour
769 3304 892 3361 sujet
918 3316 973 3349 ex
988 3306 1130 3358 fratre
1150 3306 1395 3368 comperta.

185 3365 248 3405 27.
283 3366 337 3409 Si
362 3370 494 3413 texit.
525 3368 580 3413 Si
622 3380 736 3412 avec
777 3368 1020 3413 l’indicatir
1052 3378 1170 3423 pour
1205 3363 1420 3420 min-quer
1459 3374 1547 3419 que
1592 3364 1638 3408 la
1681 3362 1978 3418 supposition
2011 3365 2085 3405 est

149 3415 324 3470 &noncee
368 3433 612 3484 purement
638 3435 684 3473 et
715 3431 1035 3483 simplement;
1074 3423 1332 3471 Alexandra
1375 3425 1432 3498 tle
1466 3423 1516 3469 se
1557 3421 1793 3496 pronuntio
1818 3429 1906 3508 pas
1930 3411 2017 3467 sur
2043 3423 2090 3466 11

152 3484 392 3538 culpabilite
413 3504 473 3535 ou
492 3492 783 3536 l'innocence
805 3493 863 3538 de
891 3480 1162 3554 cebalinus.
1186 3491 1191 3498 ’
1230 3489 1239 3504 ⁸
2089 3512 2095 3518 ,

154 3547 664 3656 noss‘gmm'imm
715 3561 786 3600 an.
818 3555 883 3600 On
911 3553 1077 3599 trouve
1103 3553 1212 3606 plus
1232 3555 1432 3631 §quvent
1459 3554 1677 3595 utrum...
1707 3560 1779 3637 ηιξ.
1808 3547 1876 3632 pt.
1907 3545 1980 3638 lii.
2005 3557 2086 3631 ἵξῃ,
