<?xml version="1.0" encoding="UTF-8"?>
<!DOCTYPE html PUBLIC "-//W3C//DTD XHTML 1.0 Transitional//EN"
    "http://www.w3.org/TR/xhtml1/DTD/xhtml1-transitional.dtd">
<html xmlns="http://www.w3.org/1999/xhtml" xml:lang="en" lang="en">
 <head>
  <title>
</title>
<meta http-equiv="Content-Type" content="text/html;charset=utf-8" />
  <meta name='ocr-system' content='tesseract 3.04.00' />
  <meta name='ocr-capabilities' content='ocr_page ocr_carea ocr_par ocr_line ocrx_word'/>
</head>
<body>
  <div class='ocr_page' id='page_1' title='image "./qcurtirufihisto00brelgoog_0167.png"; bbox 0 0 2517 3975; ppageno 0'>
   <div class='ocr_carea' id='block_1_1' title="bbox 551 223 2026 290">
    <p class='ocr_par' dir='ltr' id='par_1_1' title="bbox 551 223 2026 290">
     <span class='ocr_line' id='line_1_1' title="bbox 551 223 2026 290; baseline 0.004 -18"><span class='ocrx_word' id='word_1_1' title='bbox 551 232 945 273; x_wconf 65' lang='lat' dir='ltr'><strong>ms&#39;ronmmm</strong></span> <span class='ocrx_word' id='word_1_2' title='bbox 978 233 1314 274; x_wconf 68' lang='lat' dir='ltr'><strong>AnuxAuom</strong></span> <span class='ocrx_word' id='word_1_3' title='bbox 1350 238 1408 290; x_wconf 87' lang='lat' dir='ltr'><strong>v,</strong></span> <span class='ocrx_word' id='word_1_4' title='bbox 1451 238 1529 276; x_wconf 79' lang='lat' dir='ltr'><strong>VI.</strong></span> <span class='ocrx_word' id='word_1_5' title='bbox 1919 223 2026 280; x_wconf 74' lang='lat'><strong>143</strong></span> 
     </span>
    </p>
   </div>
   <div class='ocr_carea' id='block_1_2' title="bbox 90 337 2185 2629">
    <p class='ocr_par' dir='ltr' id='par_1_2' title="bbox 90 337 2185 2541">
     <span class='ocr_line' id='line_1_2' title="bbox 149 337 2032 416; baseline 0.006 -24"><span class='ocrx_word' id='word_1_6' title='bbox 149 337 413 396; x_wconf 70' lang='lat' dir='ltr'><strong>habuerat:</strong></span> <span class='ocrx_word' id='word_1_7' title='bbox 454 359 773 416; x_wconf 87' lang='lat' dir='ltr'><strong>magnaque</strong></span> <span class='ocrx_word' id='word_1_8' title='bbox 815 343 1109 399; x_wconf 83' lang='lat' dir='ltr'><strong>exercitus</strong></span> <span class='ocrx_word' id='word_1_9' title='bbox 1155 348 1321 415; x_wconf 87' lang='lat' dir='ltr'><strong>parte</strong></span> <span class='ocrx_word' id='word_1_10' title='bbox 1357 351 1418 400; x_wconf 83' lang='lat' dir='ltr'><strong>et</strong></span> <span class='ocrx_word' id='word_1_11' title='bbox 1466 346 1904 416; x_wconf 70' lang='lat' dir='ltr'><strong>impedimentis</strong></span> <span class='ocrx_word' id='word_1_12' title='bbox 1942 347 2032 403; x_wconf 85' lang='lat' dir='ltr'><strong>ibi</strong></span> 
     </span>
     <span class='ocr_line' id='line_1_3' title="bbox 147 428 2030 506; baseline 0.005 -23"><span class='ocrx_word' id='word_1_13' title='bbox 147 428 337 500; x_wconf 82' lang='lat' dir='ltr'><strong>relictis,</strong></span> <span class='ocrx_word' id='word_1_14' title='bbox 370 431 744 489; x_wconf 78' lang='lat' dir='ltr'><strong>Parmeniona</strong></span> <span class='ocrx_word' id='word_1_15' title='bbox 765 432 1186 505; x_wconf 77' lang='lat' dir='ltr'><strong>Craterumque</strong></span> <span class='ocrx_word' id='word_1_16' title='bbox 1215 435 1496 505; x_wconf 84' lang='lat' dir='ltr'><strong>praefecit.</strong></span> <span class='ocrx_word' id='word_1_17' title='bbox 1531 436 1687 506; x_wconf 88' lang='lat' dir='ltr'><strong>Ipse,</strong></span> <span class='ocrx_word' id='word_1_18' title='bbox 1714 453 1846 491; x_wconf 90' lang='lat' dir='ltr'><strong>cum</strong></span> <span class='ocrx_word' id='word_1_19' title='bbox 1872 438 2030 492; x_wconf 84' lang='lat' dir='ltr'><strong>mille</strong></span> 
     </span>
     <span class='ocr_line' id='line_1_4' title="bbox 148 518 2033 593; baseline 0.005 -23"><span class='ocrx_word' id='word_1_20' title='bbox 148 518 382 586; x_wconf 81' lang='lat' dir='ltr'><strong>equitibus</strong></span> <span class='ocrx_word' id='word_1_21' title='bbox 423 522 784 593; x_wconf 86' lang='lat' dir='ltr'><strong>peditumque</strong></span> <span class='ocrx_word' id='word_1_22' title='bbox 828 523 1101 591; x_wconf 84' lang='lat' dir='ltr'><strong>expedita</strong></span> <span class='ocrx_word' id='word_1_23' title='bbox 1145 539 1345 592; x_wconf 89' lang='lat' dir='ltr'><strong>manu,</strong></span> <span class='ocrx_word' id='word_1_24' title='bbox 1374 524 1720 579; x_wconf 88' lang='lat' dir='ltr'><strong>interiorem</strong></span> <span class='ocrx_word' id='word_1_25' title='bbox 1762 526 2033 581; x_wconf 82' lang='lat' dir='ltr'><strong>Persidis</strong></span> 
     </span>
     <span class='ocr_line' id='line_1_5' title="bbox 144 608 2034 683; baseline 0.003 -22"><span class='ocrx_word' id='word_1_26' title='bbox 144 608 413 680; x_wconf 79' lang='lat' dir='ltr'><strong>regionem,</strong></span> <span class='ocrx_word' id='word_1_27' title='bbox 436 612 541 666; x_wconf 89' lang='lat' dir='ltr'><strong>suh</strong></span> <span class='ocrx_word' id='word_1_28' title='bbox 567 612 764 681; x_wconf 75' lang='lat' dir='ltr'><strong>ipsum</strong></span> <span class='ocrx_word' id='word_1_29' title='bbox 780 611 1175 682; x_wconf 77' lang='lat' dir='ltr'><strong>Vergiliarum</strong></span> <span class='ocrx_word' id='word_1_30' title='bbox 1192 610 1213 630; x_wconf 80' lang='lat'><strong>*</strong></span> <span class='ocrx_word' id='word_1_31' title='bbox 1235 609 1473 677; x_wconf 85' lang='lat' dir='ltr'><strong>sidus¹¹,</strong></span> <span class='ocrx_word' id='word_1_32' title='bbox 1498 611 1683 680; x_wconf 92' lang='lat' dir='ltr'><strong>petiit,</strong></span> <span class='ocrx_word' id='word_1_33' title='bbox 1716 611 2034 683; x_wconf 85' lang='lat' dir='ltr'><strong>multisque</strong></span> 
     </span>
     <span class='ocr_line' id='line_1_6' title="bbox 146 692 2039 771; baseline 0.005 -26"><span class='ocrx_word' id='word_1_34' title='bbox 146 692 385 752; x_wconf 84' lang='lat' dir='ltr'><strong>imbribus</strong></span> <span class='ocrx_word' id='word_1_35' title='bbox 422 703 476 753; x_wconf 88' lang='lat' dir='ltr'><strong>et</strong></span> <span class='ocrx_word' id='word_1_36' title='bbox 511 714 692 771; x_wconf 87' lang='lat' dir='ltr'><strong>prope</strong></span> <span class='ocrx_word' id='word_1_37' title='bbox 721 698 1072 753; x_wconf 85' lang='lat' dir='ltr'><strong>intolerabili</strong></span> <span class='ocrx_word' id='word_1_38' title='bbox 1112 700 1459 767; x_wconf 78' lang='lat' dir='ltr'><strong>tempestate</strong></span> <span class='ocrx_word' id='word_1_39' title='bbox 1511 702 1783 766; x_wconf 81' lang='lat' dir='ltr'><strong>vexatus,</strong></span> <span class='ocrx_word' id='word_1_40' title='bbox 1830 716 2039 769; x_wconf 89' lang='lat' dir='ltr'><strong>proce·</strong></span> 
     </span>
     <span class='ocr_line' id='line_1_7' title="bbox 145 780 2163 859; baseline 0.004 -24"><span class='ocrx_word' id='word_1_41' title='bbox 145 780 247 839; x_wconf 87' lang='lat' dir='ltr'><strong>dere</strong></span> <span class='ocrx_word' id='word_1_42' title='bbox 270 787 462 854; x_wconf 84' lang='lat' dir='ltr'><strong>tamen,</strong></span> <span class='ocrx_word' id='word_1_43' title='bbox 495 804 608 859; x_wconf 85' lang='lat' dir='ltr'><strong>quo</strong></span> <span class='ocrx_word' id='word_1_44' title='bbox 656 787 1005 853; x_wconf 82' lang='lat' dir='ltr'><strong>intenderat,</strong></span> <span class='ocrx_word' id='word_1_45' title='bbox 1045 787 1472 856; x_wconf 85' lang='lat' dir='ltr'><strong>perseveravit.</strong></span> <span class='ocrx_word' id='word_1_46' title='bbox 1520 788 1772 842; x_wconf 86' lang='lat' dir='ltr'><strong>Ventum</strong></span> <span class='ocrx_word' id='word_1_47' title='bbox 1814 796 1937 843; x_wconf 90' lang='lat' dir='ltr'><strong>erat</strong></span> <span class='ocrx_word' id='word_1_48' title='bbox 1965 789 2039 844; x_wconf 85' lang='lat' dir='ltr'><strong>ad</strong></span> <span class='ocrx_word' id='word_1_49' title='bbox 2095 792 2163 850; x_wconf 79' lang='lat'><strong>13</strong></span> 
     </span>
     <span class='ocr_line' id='line_1_8' title="bbox 145 869 2039 948; baseline 0.005 -26"><span class='ocrx_word' id='word_1_50' title='bbox 145 869 229 925; x_wconf 85' lang='lat' dir='ltr'><strong>iter</strong></span> <span class='ocrx_word' id='word_1_51' title='bbox 259 878 535 945; x_wconf 88' lang='lat' dir='ltr'><strong>perpetuis</strong></span> <span class='ocrx_word' id='word_1_52' title='bbox 581 877 841 931; x_wconf 87' lang='lat' dir='ltr'><strong>obsitum</strong></span> <span class='ocrx_word' id='word_1_53' title='bbox 886 874 1142 941; x_wconf 77' lang='lat' dir='ltr'><strong>nivibuS,</strong></span> <span class='ocrx_word' id='word_1_54' title='bbox 1192 891 1342 945; x_wconf 87' lang='lat' dir='ltr'><strong>quas</strong></span> <span class='ocrx_word' id='word_1_55' title='bbox 1373 875 1617 948; x_wconf 85' lang='lat' dir='ltr'><strong>frigoris</strong></span> <span class='ocrx_word' id='word_1_56' title='bbox 1646 878 1740 931; x_wconf 87' lang='lat' dir='ltr'><strong>vis</strong></span> <span class='ocrx_word' id='word_1_57' title='bbox 1774 877 1910 948; x_wconf 85' lang='lat' dir='ltr'><strong>gelu</strong></span> <span class='ocrx_word' id='word_1_58' title='bbox 1938 879 2039 933; x_wconf 89' lang='lat' dir='ltr'><strong>ad-</strong></span> 
     </span>
     <span class='ocr_line' id='line_1_9' title="bbox 145 961 2040 1035; baseline 0.004 -23"><span class='ocrx_word' id='word_1_59' title='bbox 145 961 422 1034; x_wconf 77' lang='lat' dir='ltr'><strong>strinxerat,</strong></span> <span class='ocrx_word' id='word_1_60' title='bbox 470 965 844 1035; x_wconf 81' lang='lat' dir='ltr'><strong>locorumque</strong></span> <span class='ocrx_word' id='word_1_61' title='bbox 891 964 1183 1034; x_wconf 82' lang='lat' dir='ltr'><strong>squalor¹¹</strong></span> <span class='ocrx_word' id='word_1_62' title='bbox 1229 966 1284 1017; x_wconf 88' lang='lat' dir='ltr'><strong>et</strong></span> <span class='ocrx_word' id='word_1_63' title='bbox 1315 965 1671 1019; x_wconf 87' lang='lat' dir='ltr'><strong>solitudines</strong></span> <span class='ocrx_word' id='word_1_64' title='bbox 1698 966 1872 1021; x_wconf 78' lang='lat' dir='ltr'><strong>inviae</strong></span> <span class='ocrx_word' id='word_1_65' title='bbox 1900 965 2040 1020; x_wconf 86' lang='lat' dir='ltr'><strong>fati-</strong></span> 
     </span>
     <span class='ocr_line' id='line_1_10' title="bbox 144 1045 2038 1120; baseline 0.003 -17"><span class='ocrx_word' id='word_1_66' title='bbox 144 1049 294 1117; x_wconf 71' lang='lat' dir='ltr'><strong>gutum</strong></span> <span class='ocrx_word' id='word_1_67' title='bbox 334 1053 564 1108; x_wconf 83' lang='lat' dir='ltr'><strong>militem</strong></span> <span class='ocrx_word' id='word_1_68' title='bbox 604 1053 919 1120; x_wconf 85' lang='lat' dir='ltr'><strong>terrebant,</strong></span> <span class='ocrx_word' id='word_1_69' title='bbox 966 1052 1357 1106; x_wconf 88' lang='lat' dir='ltr'><strong>humanarum</strong></span> <span class='ocrx_word' id='word_1_70' title='bbox 1399 1045 1598 1107; x_wconf 86' lang='lat' dir='ltr'><strong>rerum</strong></span> <span class='ocrx_word' id='word_1_71' title='bbox 1649 1054 1940 1108; x_wconf 85' lang='lat' dir='ltr'><strong>terminos</strong></span> <span class='ocrx_word' id='word_1_72' title='bbox 1973 1070 2038 1110; x_wconf 90' lang='lat' dir='ltr'><strong>se</strong></span> 
     </span>
     <span class='ocr_line' id='line_1_11' title="bbox 142 1134 2041 1211; baseline 0.005 -26"><span class='ocrx_word' id='word_1_73' title='bbox 142 1134 301 1193; x_wconf 79' lang='lat' dir='ltr'><strong>videre</strong></span> <span class='ocrx_word' id='word_1_74' title='bbox 333 1141 677 1196; x_wconf 84' lang='lat' dir='ltr'><strong>credentem.</strong></span> <span class='ocrx_word' id='word_1_75' title='bbox 727 1140 935 1194; x_wconf 90' lang='lat' dir='ltr'><strong>Omnia</strong></span> <span class='ocrx_word' id='word_1_76' title='bbox 981 1140 1200 1192; x_wconf 52' lang='lat' dir='ltr'><strong>vastam</strong></span> <span class='ocrx_word' id='word_1_77' title='bbox 1259 1143 1432 1211; x_wconf 86' lang='lat' dir='ltr'><strong>atque</strong></span> <span class='ocrx_word' id='word_1_78' title='bbox 1470 1141 1603 1194; x_wconf 89' lang='lat' dir='ltr'><strong>sine</strong></span> <span class='ocrx_word' id='word_1_79' title='bbox 1641 1141 1761 1194; x_wconf 91' lang='lat' dir='ltr'><strong>ullo</strong></span> <span class='ocrx_word' id='word_1_80' title='bbox 1801 1141 2041 1196; x_wconf 88' lang='lat' dir='ltr'><strong>humani</strong></span> 
     </span>
     <span class='ocr_line' id='line_1_12' title="bbox 141 1220 2044 1302; baseline 0.004 -26"><span class='ocrx_word' id='word_1_81' title='bbox 141 1223 290 1280; x_wconf 84' lang='lat' dir='ltr'><strong>cultus</strong></span> <span class='ocrx_word' id='word_1_82' title='bbox 314 1230 551 1302; x_wconf 83' lang='lat' dir='ltr'><strong>vestigio</strong></span> <span class='ocrx_word' id='word_1_83' title='bbox 593 1228 824 1283; x_wconf 76' lang='lat' dir='ltr'><strong>attoniti</strong></span> <span class='ocrx_word' id='word_1_84' title='bbox 878 1227 1277 1298; x_wconf 84' lang='lat' dir='ltr'><strong>intuebantur,</strong></span> <span class='ocrx_word' id='word_1_85' title='bbox 1312 1234 1388 1294; x_wconf 87' lang='lat' dir='ltr'><strong>et,</strong></span> <span class='ocrx_word' id='word_1_86' title='bbox 1433 1220 1878 1299; x_wconf 70' lang='lat' dir='ltr'><strong>antequam&#39;lux</strong></span> <span class='ocrx_word' id='word_1_87' title='bbox 1906 1246 2044 1300; x_wconf 90' lang='lat' dir='ltr'><strong>quo-</strong></span> 
     </span>
     <span class='ocr_line' id='line_1_13' title="bbox 145 1315 2172 1387; baseline 0.004 -23"><span class='ocrx_word' id='word_1_88' title='bbox 145 1325 227 1379; x_wconf 87' lang='lat' dir='ltr'><strong>que</strong></span> <span class='ocrx_word' id='word_1_89' title='bbox 248 1316 294 1368; x_wconf 86' lang='lat' dir='ltr'><strong>et</strong></span> <span class='ocrx_word' id='word_1_90' title='bbox 318 1317 512 1370; x_wconf 77' lang='lat' dir='ltr'><strong>caelum</strong></span> <span class='ocrx_word' id='word_1_91' title='bbox 538 1319 709 1387; x_wconf 84' lang='lat' dir='ltr'><strong>ipsos</strong></span> <span class='ocrx_word' id='word_1_92' title='bbox 737 1316 1078 1381; x_wconf 86' lang='lat' dir='ltr'><strong>deficerent,</strong></span> <span class='ocrx_word' id='word_1_93' title='bbox 1111 1316 1334 1370; x_wconf 87' lang='lat' dir='ltr'><strong>reverti</strong></span> <span class='ocrx_word' id='word_1_94' title='bbox 1369 1315 1720 1387; x_wconf 81' lang='lat' dir='ltr'><strong>jubebant¹‘.</strong></span> <span class='ocrx_word' id='word_1_95' title='bbox 1764 1318 1900 1372; x_wconf 80' lang='lat' dir='ltr'><strong>Rex&#39;</strong></span> <span class='ocrx_word' id='word_1_96' title='bbox 1921 1334 2048 1373; x_wconf 85' lang='lat' dir='ltr'><strong>cas-</strong></span> <span class='ocrx_word' id='word_1_97' title='bbox 2102 1324 2172 1381; x_wconf 76' lang='lat'><strong>14</strong></span> 
     </span>
     <span class='ocr_line' id='line_1_14' title="bbox 141 1400 2051 1476; baseline 0.003 -21"><span class='ocrx_word' id='word_1_98' title='bbox 141 1400 285 1472; x_wconf 80' lang='lat' dir='ltr'><strong>tigare</strong></span> <span class='ocrx_word' id='word_1_99' title='bbox 310 1406 539 1461; x_wconf 88' lang='lat' dir='ltr'><strong>territos</strong></span> <span class='ocrx_word' id='word_1_100' title='bbox 564 1405 900 1476; x_wconf 84' lang='lat' dir='ltr'><strong>supersedit</strong></span> <span class='ocrx_word' id='word_1_101' title='bbox 951 1423 964 1459; x_wconf 76' lang='grc' dir='ltr'>ε</span> <span class='ocrx_word' id='word_1_102' title='bbox 1014 1409 1295 1459; x_wconf 81' lang='lat' dir='ltr'><strong>caeterum</strong></span> <span class='ocrx_word' id='word_1_103' title='bbox 1327 1406 1451 1474; x_wconf 87' lang='lat' dir='ltr'><strong>ipse</strong></span> <span class='ocrx_word' id='word_1_104' title='bbox 1479 1421 1628 1475; x_wconf 89' lang='lat' dir='ltr'><strong>equo</strong></span> <span class='ocrx_word' id='word_1_105' title='bbox 1663 1406 1918 1473; x_wconf 85' lang='lat' dir='ltr'><strong>desiluit,</strong></span> <span class='ocrx_word' id='word_1_106' title='bbox 1942 1422 2051 1476; x_wconf 89' lang='lat' dir='ltr'><strong>pe-</strong></span> 
     </span>
     <span class='ocr_line' id='line_1_15' title="bbox 146 1487 2047 1564; baseline 0.005 -25"><span class='ocrx_word' id='word_1_107' title='bbox 146 1487 314 1560; x_wconf 85' lang='lat' dir='ltr'><strong>desque</strong></span> <span class='ocrx_word' id='word_1_108' title='bbox 363 1512 465 1564; x_wconf 90' lang='lat' dir='ltr'><strong>per</strong></span> <span class='ocrx_word' id='word_1_109' title='bbox 498 1496 685 1549; x_wconf 11' lang='lat' dir='ltr'><strong>&#39;nives</strong></span> <span class='ocrx_word' id='word_1_110' title='bbox 738 1496 795 1548; x_wconf 89' lang='lat' dir='ltr'><strong>et</strong></span> <span class='ocrx_word' id='word_1_111' title='bbox 847 1496 1186 1547; x_wconf 87' lang='lat' dir='ltr'><strong>concretam</strong></span> <span class='ocrx_word' id='word_1_112' title='bbox 1252 1493 1506 1564; x_wconf 83' lang='lat' dir='ltr'><strong>glaciem</strong></span> <span class='ocrx_word' id='word_1_113' title='bbox 1562 1494 1799 1564; x_wconf 84' lang='lat' dir='ltr'><strong>ingredi</strong></span> <span class='ocrx_word' id='word_1_114' title='bbox 1853 1495 2047 1564; x_wconf 87' lang='lat' dir='ltr'><strong>coepit.</strong></span> 
     </span>
     <span class='ocr_line' id='line_1_16' title="bbox 142 1572 2048 1652; baseline 0.002 -19"><span class='ocrx_word' id='word_1_115' title='bbox 142 1572 463 1638; x_wconf 85' lang='lat' dir='ltr'><strong>Erubuerunt</strong></span> <span class='ocrx_word' id='word_1_116' title='bbox 484 1599 608 1638; x_wconf 91' lang='lat' dir='ltr'><strong>non</strong></span> <span class='ocrx_word' id='word_1_117' title='bbox 631 1582 818 1652; x_wconf 86' lang='lat' dir='ltr'><strong>sequi,</strong></span> <span class='ocrx_word' id='word_1_118' title='bbox 841 1582 1098 1651; x_wconf 86' lang='lat' dir='ltr'><strong>primum</strong></span> <span class='ocrx_word' id='word_1_119' title='bbox 1126 1580 1295 1634; x_wconf 90' lang='lat' dir='ltr'><strong>amici</strong></span> <span class='ocrx_word' id='word_1_120' title='bbox 1312 1581 1354 1647; x_wconf 88' lang='lat'><strong>*,</strong></span> <span class='ocrx_word' id='word_1_121' title='bbox 1378 1581 1587 1635; x_wconf 89' lang='lat' dir='ltr'><strong>deinde</strong></span> <span class='ocrx_word' id='word_1_122' title='bbox 1610 1583 1912 1652; x_wconf 89' lang='lat' dir='ltr'><strong>copiarum</strong></span> <span class='ocrx_word' id='word_1_123' title='bbox 1937 1581 2048 1636; x_wconf 88' lang='lat' dir='ltr'><strong>du-</strong></span> 
     </span>
     <span class='ocr_line' id='line_1_17' title="bbox 143 1668 2052 1743; baseline 0.004 -27"><span class='ocrx_word' id='word_1_124' title='bbox 143 1677 232 1730; x_wconf 86' lang='lat' dir='ltr'><strong>ces,</strong></span> <span class='ocrx_word' id='word_1_125' title='bbox 258 1668 321 1721; x_wconf 89' lang='lat' dir='ltr'><strong>ad</strong></span> <span class='ocrx_word' id='word_1_126' title='bbox 347 1671 621 1725; x_wconf 88' lang='lat' dir='ltr'><strong>ultimum</strong></span> <span class='ocrx_word' id='word_1_127' title='bbox 646 1669 868 1743; x_wconf 80' lang='lat' dir='ltr'><strong>milites</strong></span> <span class='ocrx_word' id='word_1_128' title='bbox 899 1687 911 1721; x_wconf 92' lang='lat'>:</span> <span class='ocrx_word' id='word_1_129' title='bbox 946 1669 1288 1738; x_wconf 88' lang='lat' dir='ltr'><strong>primusque</strong></span> <span class='ocrx_word' id='word_1_130' title='bbox 1328 1684 1455 1734; x_wconf 74' lang='lat' dir='ltr'><strong>reX‚</strong></span> <span class='ocrx_word' id='word_1_131' title='bbox 1492 1668 1731 1723; x_wconf 87' lang='lat' dir='ltr'><strong>dolabra</strong></span> <span class='ocrx_word' id='word_1_132' title='bbox 1751 1670 1771 1689; x_wconf 86' lang='lat'>*</span> <span class='ocrx_word' id='word_1_133' title='bbox 1803 1670 2052 1740; x_wconf 79' lang='lat' dir='ltr'><strong>glaciem</strong></span> 
     </span>
     <span class='ocr_line' id='line_1_18' title="bbox 138 1753 2052 1830; baseline 0.004 -25"><span class='ocrx_word' id='word_1_134' title='bbox 138 1753 480 1830; x_wconf 81' lang='lat' dir='ltr'><strong>perfringens,</strong></span> <span class='ocrx_word' id='word_1_135' title='bbox 523 1761 642 1813; x_wconf 88' lang='lat' dir='ltr'><strong>iter</strong></span> <span class='ocrx_word' id='word_1_136' title='bbox 680 1757 798 1811; x_wconf 89' lang='lat' dir='ltr'><strong>sibi</strong></span> <span class='ocrx_word' id='word_1_137' title='bbox 827 1757 997 1822; x_wconf 81' lang='lat' dir='ltr'><strong>fecit3</strong></span> <span class='ocrx_word' id='word_1_138' title='bbox 1045 1758 1380 1826; x_wconf 85' lang='lat' dir='ltr'><strong>exemplum</strong></span> <span class='ocrx_word' id='word_1_139' title='bbox 1425 1758 1588 1828; x_wconf 86' lang='lat' dir='ltr'><strong>regis</strong></span> <span class='ocrx_word' id='word_1_140' title='bbox 1633 1759 1816 1812; x_wconf 84' lang='lat' dir='ltr'><strong>ceteri</strong></span> <span class='ocrx_word' id='word_1_141' title='bbox 1844 1760 2052 1815; x_wconf 89' lang='lat' dir='ltr'><strong>imitati</strong></span> 
     </span>
     <span class='ocr_line' id='line_1_19' title="bbox 138 1845 2178 1916; baseline 0.004 -24"><span class='ocrx_word' id='word_1_142' title='bbox 138 1846 262 1900; x_wconf 86' lang='lat' dir='ltr'><strong>sunt.</strong></span> <span class='ocrx_word' id='word_1_143' title='bbox 293 1846 558 1915; x_wconf 85' lang='lat' dir='ltr'><strong>Tandem,</strong></span> <span class='ocrx_word' id='word_1_144' title='bbox 602 1845 1029 1916; x_wconf 83' lang='lat' dir='ltr'><strong>propemodum</strong></span> <span class='ocrx_word' id='word_1_145' title='bbox 1059 1846 1254 1899; x_wconf 81' lang='lat' dir='ltr'><strong>invias</strong></span> <span class='ocrx_word' id='word_1_146' title='bbox 1300 1846 1485 1899; x_wconf 89' lang='lat' dir='ltr'><strong>silvas</strong></span> <span class='ocrx_word' id='word_1_147' title='bbox 1525 1848 1772 1912; x_wconf 86' lang='lat' dir='ltr'><strong>emensi,</strong></span> <span class='ocrx_word' id='word_1_148' title='bbox 1814 1847 2055 1901; x_wconf 90' lang='lat' dir='ltr'><strong>humani</strong></span> <span class='ocrx_word' id='word_1_149' title='bbox 2110 1857 2178 1914; x_wconf 81' lang='lat'><strong>15</strong></span> 
     </span>
     <span class='ocr_line' id='line_1_20' title="bbox 138 1929 2056 2007; baseline 0.006 -27"><span class='ocrx_word' id='word_1_150' title='bbox 138 1929 294 1989; x_wconf 85' lang='lat' dir='ltr'><strong>cultus</strong></span> <span class='ocrx_word' id='word_1_151' title='bbox 318 1951 446 1993; x_wconf 86' lang='lat' dir='ltr'><strong>rara</strong></span> <span class='ocrx_word' id='word_1_152' title='bbox 474 1936 739 2006; x_wconf 83' lang='lat' dir='ltr'><strong>vestigia</strong></span> <span class='ocrx_word' id='word_1_153' title='bbox 769 1942 822 1990; x_wconf 89' lang='lat' dir='ltr'><strong>et</strong></span> <span class='ocrx_word' id='word_1_154' title='bbox 849 1935 1075 2006; x_wconf 90' lang='lat' dir='ltr'><strong>passim</strong></span> <span class='ocrx_word' id='word_1_155' title='bbox 1095 1936 1367 1989; x_wconf 84' lang='lat' dir='ltr'><strong>errantes</strong></span> <span class='ocrx_word' id='word_1_156' title='bbox 1386 1949 1666 2004; x_wconf 88' lang='lat' dir='ltr'><strong>pecorum</strong></span> <span class='ocrx_word' id='word_1_157' title='bbox 1687 1951 1905 2007; x_wconf 82' lang='lat' dir='ltr'><strong>greges</strong></span> <span class='ocrx_word' id='word_1_158' title='bbox 1922 1951 2056 2007; x_wconf 89' lang='lat' dir='ltr'><strong>rep-</strong></span> 
     </span>
     <span class='ocr_line' id='line_1_21' title="bbox 90 2022 2057 2093; baseline 0.002 -21"><span class='ocrx_word' id='word_1_159' title='bbox 90 2083 91 2092; x_wconf 15' lang='lat'><em>*</em></span> <span class='ocrx_word' id='word_1_160' title='bbox 134 2033 322 2086; x_wconf 84' lang='lat' dir='ltr'><strong>perere.</strong></span> <span class='ocrx_word' id='word_1_161' title='bbox 359 2025 429 2079; x_wconf 89' lang='lat' dir='ltr'><strong>At</strong></span> <span class='ocrx_word' id='word_1_162' title='bbox 456 2025 692 2091; x_wconf 80' lang='lat' dir='ltr'><strong>incolae,</strong></span> <span class='ocrx_word' id='word_1_163' title='bbox 725 2023 826 2093; x_wconf 88' lang='lat' dir='ltr'><strong>qui</strong></span> <span class='ocrx_word' id='word_1_164' title='bbox 854 2023 1085 2093; x_wconf 77' lang='lat' dir='ltr'><strong>sparsis</strong></span> <span class='ocrx_word' id='word_1_165' title='bbox 1116 2023 1379 2091; x_wconf 82' lang='lat' dir='ltr'><strong>tuguriis</strong></span> <span class='ocrx_word' id='word_1_166' title='bbox 1432 2022 1795 2089; x_wconf 86' lang='lat' dir='ltr'><strong>habitabant,</strong></span> <span class='ocrx_word' id='word_1_167' title='bbox 1828 2040 1960 2078; x_wconf 88' lang='lat' dir='ltr'><strong>cum</strong></span> <span class='ocrx_word' id='word_1_168' title='bbox 1991 2039 2057 2077; x_wconf 90' lang='lat' dir='ltr'><strong>se</strong></span> 
     </span>
     <span class='ocr_line' id='line_1_22' title="bbox 90 2095 2059 2182; baseline 0.003 -22"><span class='ocrx_word' id='word_1_169' title='bbox 90 2095 93 2132; x_wconf 48' lang='lat'><strong>²*</strong></span> <span class='ocrx_word' id='word_1_170' title='bbox 137 2107 343 2167; x_wconf 81' lang='lat' dir='ltr'><strong>callibus</strong></span> <span class='ocrx_word' id='word_1_171' title='bbox 367 2114 553 2168; x_wconf 82' lang='lat' dir='ltr'><strong>inviis</strong></span> <span class='ocrx_word' id='word_1_172' title='bbox 593 2116 814 2182; x_wconf 82' lang='lat' dir='ltr'><strong>saeptos</strong></span> <span class='ocrx_word' id='word_1_173' title='bbox 841 2127 977 2167; x_wconf 88' lang='lat' dir='ltr'><strong>esse</strong></span> <span class='ocrx_word' id='word_1_174' title='bbox 1007 2110 1421 2180; x_wconf 77' lang='lat' dir='ltr'><strong>credidissent,</strong></span> <span class='ocrx_word' id='word_1_175' title='bbox 1441 2115 1503 2164; x_wconf 89' lang='lat' dir='ltr'><strong>ut</strong></span> <span class='ocrx_word' id='word_1_176' title='bbox 1530 2126 1897 2180; x_wconf 82' lang='lat' dir='ltr'><strong>conspexere</strong></span> <span class='ocrx_word' id='word_1_177' title='bbox 1925 2111 2059 2166; x_wconf 90' lang='lat' dir='ltr'><strong>hos-</strong></span> 
     </span>
     <span class='ocr_line' id='line_1_23' title="bbox 135 2195 2063 2273; baseline 0.001 -21"><span class='ocrx_word' id='word_1_178' title='bbox 135 2195 249 2252; x_wconf 73' lang='lat' dir='ltr'><strong>tium</strong></span> <span class='ocrx_word' id='word_1_179' title='bbox 272 2217 497 2273; x_wconf 84' lang='lat' dir='ltr'><strong>agmen,</strong></span> <span class='ocrx_word' id='word_1_180' title='bbox 539 2200 874 2257; x_wconf 82' lang='lat' dir='ltr'><strong>interfectis</strong></span> <span class='ocrx_word' id='word_1_181' title='bbox 915 2201 1069 2271; x_wconf 74' lang='lat' dir='ltr'><strong>qui¹⁸</strong></span> <span class='ocrx_word' id='word_1_182' title='bbox 1113 2199 1377 2255; x_wconf 80' lang='lat' dir='ltr'><strong>comitari</strong></span> <span class='ocrx_word' id='word_1_183' title='bbox 1407 2199 1701 2271; x_wconf 83' lang='lat' dir='ltr'><strong>fugientes</strong></span> <span class='ocrx_word' id='word_1_184' title='bbox 1738 2216 1860 2254; x_wconf 92' lang='lat' dir='ltr'><strong>non</strong></span> <span class='ocrx_word' id='word_1_185' title='bbox 1899 2204 2063 2270; x_wconf 87' lang='lat' dir='ltr'><strong>pote-</strong></span> 
     </span>
     <span class='ocr_line' id='line_1_24' title="bbox 132 2287 2185 2359; baseline 0.001 -19"><span class='ocrx_word' id='word_1_186' title='bbox 132 2290 255 2357; x_wconf 77' lang='lat' dir='ltr'><strong>runt,</strong></span> <span class='ocrx_word' id='word_1_187' title='bbox 297 2290 502 2347; x_wconf 89' lang='lat' dir='ltr'><strong>devios</strong></span> <span class='ocrx_word' id='word_1_188' title='bbox 541 2294 778 2346; x_wconf 88' lang='lat' dir='ltr'><strong>montes</strong></span> <span class='ocrx_word' id='word_1_189' title='bbox 835 2293 892 2344; x_wconf 89' lang='lat' dir='ltr'><strong>et</strong></span> <span class='ocrx_word' id='word_1_190' title='bbox 931 2290 1173 2343; x_wconf 88' lang='lat' dir='ltr'><strong>nivibus</strong></span> <span class='ocrx_word' id='word_1_191' title='bbox 1210 2287 1440 2343; x_wconf 88' lang='lat' dir='ltr'><strong>obsitos</strong></span> <span class='ocrx_word' id='word_1_192' title='bbox 1495 2288 1851 2359; x_wconf 86' lang='lat' dir='ltr'><strong>petiverunt.</strong></span> <span class='ocrx_word' id='word_1_193' title='bbox 1894 2289 2058 2357; x_wconf 88' lang='lat' dir='ltr'><strong>Inde,</strong></span> <span class='ocrx_word' id='word_1_194' title='bbox 2117 2301 2185 2358; x_wconf 74' lang='lat'><strong>16</strong></span> 
     </span>
     <span class='ocr_line' id='line_1_25' title="bbox 134 2376 2065 2451; baseline 0.003 -24"><span class='ocrx_word' id='word_1_195' title='bbox 134 2387 220 2450; x_wconf 28' lang='lat' dir='ltr'><strong>per,</strong></span> <span class='ocrx_word' id='word_1_196' title='bbox 237 2380 524 2451; x_wconf 89' lang='lat' dir='ltr'><strong>colloquia</strong></span> <span class='ocrx_word' id='word_1_197' title='bbox 554 2379 923 2449; x_wconf 86' lang='lat' dir='ltr'><strong>captivorum</strong></span> <span class='ocrx_word' id='word_1_198' title='bbox 963 2377 1244 2448; x_wconf 87' lang='lat' dir='ltr'><strong>paulatim</strong></span> <span class='ocrx_word' id='word_1_199' title='bbox 1275 2376 1507 2431; x_wconf 82' lang='lat' dir='ltr'><strong>feritate</strong></span> <span class='ocrx_word' id='word_1_200' title='bbox 1554 2377 1842 2449; x_wconf 87' lang='lat' dir='ltr'><strong>mitigata,</strong></span> <span class='ocrx_word' id='word_1_201' title='bbox 1884 2376 2065 2433; x_wconf 85' lang='lat' dir='ltr'><strong>tradi-</strong></span> 
     </span>
     <span class='ocr_line' id='line_1_26' title="bbox 137 2459 1670 2541; baseline 0.003 -28"><span class='ocrx_word' id='word_1_202' title='bbox 137 2459 245 2519; x_wconf 83' lang='lat' dir='ltr'><strong>dere</strong></span> <span class='ocrx_word' id='word_1_203' title='bbox 267 2483 328 2522; x_wconf 84' lang='lat' dir='ltr'><strong>se</strong></span> <span class='ocrx_word' id='word_1_204' title='bbox 355 2472 506 2541; x_wconf 84' lang='lat' dir='ltr'><strong>regi.</strong></span> <span class='ocrx_word' id='word_1_205' title='bbox 542 2469 669 2524; x_wconf 89' lang='lat' dir='ltr'><strong>Nec</strong></span> <span class='ocrx_word' id='word_1_206' title='bbox 696 2469 759 2521; x_wconf 90' lang='lat' dir='ltr'><strong>in</strong></span> <span class='ocrx_word' id='word_1_207' title='bbox 785 2466 1016 2521; x_wconf 85' lang='lat' dir='ltr'><strong>deditos</strong></span> <span class='ocrx_word' id='word_1_208' title='bbox 1045 2465 1292 2537; x_wconf 88' lang='lat' dir='ltr'><strong>gravius</strong></span> <span class='ocrx_word' id='word_1_209' title='bbox 1322 2466 1670 2521; x_wconf 88' lang='lat' dir='ltr'><strong>consultum.</strong></span> 
     </span>
    </p>

    <p class='ocr_par' dir='ltr' id='par_1_3' title="bbox 186 2552 2184 2629">
     <span class='ocr_line' id='line_1_27' title="bbox 186 2552 2184 2629; baseline 0.002 -22"><span class='ocrx_word' id='word_1_210' title='bbox 186 2552 425 2613; x_wconf 79' lang='lat' dir='ltr'><strong>Vastatis</strong></span> <span class='ocrx_word' id='word_1_211' title='bbox 454 2558 600 2612; x_wconf 88' lang='lat' dir='ltr'><strong>inde</strong></span> <span class='ocrx_word' id='word_1_212' title='bbox 626 2557 789 2629; x_wconf 83' lang='lat' dir='ltr'><strong>agris</strong></span> <span class='ocrx_word' id='word_1_213' title='bbox 822 2554 1090 2609; x_wconf 88' lang='lat' dir='ltr'><strong>Persidis</strong></span> <span class='ocrx_word' id='word_1_214' title='bbox 1119 2554 1385 2624; x_wconf 84' lang='lat' dir='ltr'><strong>vicisque</strong></span> <span class='ocrx_word' id='word_1_215' title='bbox 1417 2554 1823 2624; x_wconf 90' lang='lat' dir='ltr'><strong>compluribus</strong></span> <span class='ocrx_word' id='word_1_216' title='bbox 1855 2556 2062 2611; x_wconf 88' lang='lat' dir='ltr'><strong>redae·</strong></span> <span class='ocrx_word' id='word_1_217' title='bbox 2120 2570 2184 2623; x_wconf 79' lang='lat'><strong>17</strong></span> 
     </span>
    </p>
   </div>
   <div class='ocr_carea' id='block_1_3' title="bbox 90 2746 2073 3613">
    <p class='ocr_par' dir='ltr' id='par_1_4' title="bbox 134 2746 2065 2991">
     <span class='ocr_line' id='line_1_28' title="bbox 168 2746 2064 2805; baseline 0.004 -16"><span class='ocrx_word' id='word_1_218' title='bbox 168 2750 221 2790; x_wconf 77' lang='lat' dir='ltr'><strong>u.</strong></span> <span class='ocrx_word' id='word_1_219' title='bbox 248 2748 328 2793; x_wconf 78' lang='lat' dir='ltr'><strong>Sub</strong></span> <span class='ocrx_word' id='word_1_220' title='bbox 360 2749 509 2805; x_wconf 70' lang='lat' dir='ltr'><strong>ipsum</strong></span> <span class='ocrx_word' id='word_1_221' title='bbox 553 2747 843 2802; x_wconf 70' lang='lat' dir='ltr'><strong>Verqiliarum</strong></span> <span class='ocrx_word' id='word_1_222' title='bbox 879 2747 1018 2791; x_wconf 69' lang='lat' dir='ltr'><strong>sidus.</strong></span> <span class='ocrx_word' id='word_1_223' title='bbox 1061 2747 1228 2799; x_wconf 84' lang='lat' dir='ltr'><strong>Quinte</strong></span> <span class='ocrx_word' id='word_1_224' title='bbox 1257 2749 1404 2790; x_wconf 85' lang='lat' dir='ltr'><strong>curce</strong></span> <span class='ocrx_word' id='word_1_225' title='bbox 1442 2751 1515 2790; x_wconf 87' lang='lat' dir='ltr'><strong>est</strong></span> <span class='ocrx_word' id='word_1_226' title='bbox 1542 2746 1587 2790; x_wconf 91' lang='lat' dir='ltr'><strong>le</strong></span> <span class='ocrx_word' id='word_1_227' title='bbox 1612 2747 1717 2791; x_wconf 90' lang='lat' dir='ltr'><strong>seul</strong></span> <span class='ocrx_word' id='word_1_228' title='bbox 1744 2749 1824 2803; x_wconf 88' lang='lat' dir='ltr'><strong>qui</strong></span> <span class='ocrx_word' id='word_1_229' title='bbox 1849 2751 1976 2803; x_wconf 86' lang='lat' dir='ltr'><strong>parle</strong></span> <span class='ocrx_word' id='word_1_230' title='bbox 2005 2751 2064 2798; x_wconf 88' lang='lat' dir='ltr'><strong>de</strong></span> 
     </span>
     <span class='ocr_line' id='line_1_29' title="bbox 137 2808 2064 2865; baseline 0.005 -17"><span class='ocrx_word' id='word_1_231' title='bbox 137 2813 223 2851; x_wconf 72' lang='lat' dir='ltr'><strong>cette</strong></span> <span class='ocrx_word' id='word_1_232' title='bbox 255 2813 540 2865; x_wconf 79' lang='lat' dir='ltr'><strong>expedition.</strong></span> <span class='ocrx_word' id='word_1_233' title='bbox 571 2825 595 2851; x_wconf 76' lang='lat' dir='ltr'><strong>(t</strong></span> <span class='ocrx_word' id='word_1_234' title='bbox 624 2812 660 2853; x_wconf 90' lang='lat' dir='ltr'><strong>ll</strong></span> <span class='ocrx_word' id='word_1_235' title='bbox 689 2811 838 2863; x_wconf 83' lang='lat' dir='ltr'><strong>parait</strong></span> <span class='ocrx_word' id='word_1_236' title='bbox 865 2809 992 2852; x_wconf 85' lang='lat' dir='ltr'><strong>avoir</strong></span> <span class='ocrx_word' id='word_1_237' title='bbox 1022 2808 1224 2863; x_wconf 80' lang='lat' dir='ltr'><strong>imagine</strong></span> <span class='ocrx_word' id='word_1_238' title='bbox 1264 2813 1384 2852; x_wconf 86' lang='lat' dir='ltr'><strong>cette</strong></span> <span class='ocrx_word' id='word_1_239' title='bbox 1432 2808 1674 2853; x_wconf 78' lang='lat' dir='ltr'><strong>reference</strong></span> <span class='ocrx_word' id='word_1_240' title='bbox 1721 2821 1815 2853; x_wconf 82' lang='lat' dir='ltr'><strong>aux</strong></span> <span class='ocrx_word' id='word_1_241' title='bbox 1860 2811 2064 2859; x_wconf 79' lang='lat' dir='ltr'><strong>Pleiades</strong></span> 
     </span>
     <span class='ocr_line' id='line_1_30' title="bbox 138 2870 2065 2931; baseline 0.002 -13"><span class='ocrx_word' id='word_1_242' title='bbox 138 2876 220 2918; x_wconf 67' lang='lat' dir='ltr'><strong>pour</strong></span> <span class='ocrx_word' id='word_1_243' title='bbox 254 2873 443 2925; x_wconf 88' lang='lat' dir='ltr'><strong>donner,</strong></span> <span class='ocrx_word' id='word_1_244' title='bbox 476 2884 593 2916; x_wconf 82' lang='lat' dir='ltr'><strong>avec</strong></span> <span class='ocrx_word' id='word_1_245' title='bbox 634 2883 727 2915; x_wconf 90' lang='lat' dir='ltr'><strong>une</strong></span> <span class='ocrx_word' id='word_1_246' title='bbox 774 2872 938 2924; x_wconf 85' lang='lat' dir='ltr'><strong>phrase</strong></span> <span class='ocrx_word' id='word_1_247' title='bbox 967 2870 994 2912; x_wconf 74' lang='lat' dir='ltr'><strong>a</strong></span> <span class='ocrx_word' id='word_1_248' title='bbox 1023 2871 1069 2913; x_wconf 87' lang='lat' dir='ltr'><strong>la</strong></span> <span class='ocrx_word' id='word_1_249' title='bbox 1094 2872 1241 2925; x_wconf 87' lang='lat' dir='ltr'><strong>mode,</strong></span> <span class='ocrx_word' id='word_1_250' title='bbox 1272 2881 1336 2913; x_wconf 89' lang='lat' dir='ltr'><strong>un</strong></span> <span class='ocrx_word' id='word_1_251' title='bbox 1377 2871 1555 2915; x_wconf 86' lang='lat' dir='ltr'><strong>certain</strong></span> <span class='ocrx_word' id='word_1_252' title='bbox 1597 2872 1736 2915; x_wconf 76' lang='lat' dir='ltr'><strong>relies</strong></span> <span class='ocrx_word' id='word_1_253' title='bbox 1771 2884 1833 2917; x_wconf 87' lang='lat' dir='ltr'><strong>au</strong></span> <span class='ocrx_word' id='word_1_254' title='bbox 1857 2885 2065 2931; x_wconf 75' lang='lat' dir='ltr'><strong>paysage</strong></span> 
     </span>
     <span class='ocr_line' id='line_1_31' title="bbox 134 2927 1661 2991; baseline -0.003 -11"><span class='ocrx_word' id='word_1_255' title='bbox 134 2927 272 2979; x_wconf 74' lang='lat' dir='ltr'><strong>d’hl&#39;ver</strong></span> <span class='ocrx_word' id='word_1_256' title='bbox 297 2936 412 2991; x_wconf 88' lang='lat' dir='ltr'><strong>qu’il</strong></span> <span class='ocrx_word' id='word_1_257' title='bbox 432 2939 555 2980; x_wconf 86' lang='lat' dir='ltr'><strong>veut</strong></span> <span class='ocrx_word' id='word_1_258' title='bbox 581 2934 797 2978; x_wconf 76' lang='lat' dir='ltr'><strong>decrire·</strong></span> <span class='ocrx_word' id='word_1_259' title='bbox 826 2933 1056 2988; x_wconf 77' lang='lat' dir='ltr'><strong>(Droysen,</strong></span> <span class='ocrx_word' id='word_1_260' title='bbox 1086 2936 1124 2985; x_wconf 89' lang='lat'><strong>1,</strong></span> <span class='ocrx_word' id='word_1_261' title='bbox 1149 2933 1244 2987; x_wconf 81' lang='lat'><strong>366,</strong></span> <span class='ocrx_word' id='word_1_262' title='bbox 1275 2937 1385 2977; x_wconf 88' lang='lat' dir='ltr'><strong>note</strong></span> <span class='ocrx_word' id='word_1_263' title='bbox 1456 2931 1491 2989; x_wconf 92' lang='lat'><strong>).</strong></span> <span class='ocrx_word' id='word_1_264' title='bbox 1653 2933 1661 2939; x_wconf 79' lang='grc'><em>“</em></span> 
     </span>
    </p>

    <p class='ocr_par' dir='ltr' id='par_1_5' title="bbox 90 2994 2073 3239">
     <span class='ocr_line' id='line_1_32' title="bbox 170 2994 2069 3053; baseline 0.003 -14"><span class='ocrx_word' id='word_1_265' title='bbox 170 3000 224 3040; x_wconf 73' lang='lat'><strong>12.</strong></span> <span class='ocrx_word' id='word_1_266' title='bbox 248 2997 433 3053; x_wconf 79' lang='lat' dir='ltr'><strong>squacer</strong></span> <span class='ocrx_word' id='word_1_267' title='bbox 465 3010 520 3041; x_wconf 89' lang='lat' dir='ltr'><strong>se</strong></span> <span class='ocrx_word' id='word_1_268' title='bbox 563 2996 632 3039; x_wconf 85' lang='lat' dir='ltr'><strong>dit</strong></span> <span class='ocrx_word' id='word_1_269' title='bbox 662 2996 720 3039; x_wconf 87' lang='lat' dir='ltr'><strong>de</strong></span> <span class='ocrx_word' id='word_1_270' title='bbox 753 2994 987 3048; x_wconf 78' lang='lat' dir='ltr'><strong>l’asperite</strong></span> <span class='ocrx_word' id='word_1_271' title='bbox 1014 2994 1245 3038; x_wconf 83' lang='lat' dir='ltr'><strong>resultant</strong></span> <span class='ocrx_word' id='word_1_272' title='bbox 1273 2995 1331 3038; x_wconf 87' lang='lat' dir='ltr'><strong>de</strong></span> <span class='ocrx_word' id='word_1_273' title='bbox 1359 2996 1405 3037; x_wconf 86' lang='lat' dir='ltr'><strong>la</strong></span> <span class='ocrx_word' id='word_1_274' title='bbox 1432 3006 1592 3039; x_wconf 85' lang='lat' dir='ltr'><strong>crasse</strong></span> <span class='ocrx_word' id='word_1_275' title='bbox 1621 2996 1911 3052; x_wconf 77' lang='lat' dir='ltr'><strong>accumulee,</strong></span> <span class='ocrx_word' id='word_1_276' title='bbox 1940 2998 1996 3043; x_wconf 91' lang='lat' dir='ltr'><strong>de</strong></span> <span class='ocrx_word' id='word_1_277' title='bbox 2019 3000 2069 3043; x_wconf 87' lang='lat' dir='ltr'><strong>la</strong></span> 
     </span>
     <span class='ocr_line' id='line_1_33' title="bbox 90 3056 2071 3115; baseline 0.004 -18"><span class='ocrx_word' id='word_1_278' title='bbox 90 3077 91 3080; x_wconf 62' lang='lat'><em>=</em></span> <span class='ocrx_word' id='word_1_279' title='bbox 132 3056 245 3100; x_wconf 67' lang='lat' dir='ltr'><strong>talete</strong></span> <span class='ocrx_word' id='word_1_280' title='bbox 261 3060 322 3104; x_wconf 88' lang='lat' dir='ltr'><strong>du</strong></span> <span class='ocrx_word' id='word_1_281' title='bbox 348 3071 513 3113; x_wconf 81' lang='lat' dir='ltr'><strong>eorpS,</strong></span> <span class='ocrx_word' id='word_1_282' title='bbox 543 3059 629 3102; x_wconf 87' lang='lat' dir='ltr'><strong>des</strong></span> <span class='ocrx_word' id='word_1_283' title='bbox 654 3057 937 3101; x_wconf 71' lang='lat' dir='ltr'><strong>vetamentS.</strong></span> <span class='ocrx_word' id='word_1_284' title='bbox 994 3056 1150 3100; x_wconf 74' lang='lat' dir='ltr'><strong>Obsita</strong></span> <span class='ocrx_word' id='word_1_285' title='bbox 1179 3059 1277 3099; x_wconf 84' lang='lat' dir='ltr'><strong>erat</strong></span> <span class='ocrx_word' id='word_1_286' title='bbox 1305 3057 1508 3112; x_wconf 68' lang='lat' dir='ltr'><strong>squalore</strong></span> <span class='ocrx_word' id='word_1_287' title='bbox 1528 3059 1676 3113; x_wconf 71' lang='lat' dir='ltr'><strong>vestis,</strong></span> <span class='ocrx_word' id='word_1_288' title='bbox 1705 3060 1856 3113; x_wconf 56' lang='grc' dir='ltr'><strong>Γαζαῖοι·</strong></span> <span class='ocrx_word' id='word_1_289' title='bbox 1873 3062 2071 3115; x_wconf 74' lang='lat' dir='ltr'><strong>corporis</strong></span> 
     </span>
     <span class='ocr_line' id='line_1_34' title="bbox 129 3112 2073 3179; baseline 0.003 -18"><span class='ocrx_word' id='word_1_290' title='bbox 129 3112 265 3165; x_wconf 68' lang='lat' dir='ltr'><strong>habitus</strong></span> <span class='ocrx_word' id='word_1_291' title='bbox 315 3122 495 3177; x_wconf 77' lang='lat' dir='ltr'><strong>pallore</strong></span> <span class='ocrx_word' id='word_1_292' title='bbox 556 3131 606 3163; x_wconf 81' lang='lat' dir='ltr'><strong>ac</strong></span> <span class='ocrx_word' id='word_1_293' title='bbox 643 3119 782 3164; x_wconf 77' lang='lat' dir='ltr'><strong>macie</strong></span> <span class='ocrx_word' id='word_1_294' title='bbox 804 3120 1024 3174; x_wconf 78' lang='lat' dir='ltr'><strong>perempti</strong></span> <span class='ocrx_word' id='word_1_295' title='bbox 1059 3119 1135 3174; x_wconf 84' lang='grc' dir='ltr'><strong>(Τ.</strong></span> <span class='ocrx_word' id='word_1_296' title='bbox 1159 3119 1278 3169; x_wconf 72' lang='lat' dir='ltr'><strong>Liv„</strong></span> <span class='ocrx_word' id='word_1_297' title='bbox 1316 3122 1366 3174; x_wconf 91' lang='lat'><strong>11,</strong></span> <span class='ocrx_word' id='word_1_298' title='bbox 1398 3120 1490 3171; x_wconf 71' lang='lat'><strong>23).</strong></span> <span class='ocrx_word' id='word_1_299' title='bbox 1525 3124 1646 3164; x_wconf 83' lang='lat' dir='ltr'><strong>Avec</strong></span> <span class='ocrx_word' id='word_1_300' title='bbox 1679 3122 1870 3166; x_wconf 80' lang='lat' dir='ltr'><strong>locorum</strong></span> <span class='ocrx_word' id='word_1_301' title='bbox 1896 3124 2073 3179; x_wconf 73' lang='lat' dir='ltr'><strong>squalor</strong></span> 
     </span>
     <span class='ocr_line' id='line_1_35' title="bbox 134 3181 1793 3239; baseline 0.003 -15"><span class='ocrx_word' id='word_1_302' title='bbox 134 3188 333 3236; x_wconf 73' lang='lat' dir='ltr'><strong>eomparez</strong></span> <span class='ocrx_word' id='word_1_303' title='bbox 352 3184 532 3239; x_wconf 86' lang='lat' dir='ltr'><strong>virgile</strong></span> <span class='ocrx_word' id='word_1_304' title='bbox 562 3183 756 3238; x_wconf 56' lang='grc' dir='ltr'><strong>(θύσω,</strong></span> <span class='ocrx_word' id='word_1_305' title='bbox 784 3185 820 3238; x_wconf 89' lang='lat'><strong>1,</strong></span> <span class='ocrx_word' id='word_1_306' title='bbox 848 3182 973 3238; x_wconf 67' lang='lat'><strong>⁵07).</strong></span> <span class='ocrx_word' id='word_1_307' title='bbox 1010 3181 1219 3237; x_wconf 79' lang='lat' dir='ltr'><strong>squalent</strong></span> <span class='ocrx_word' id='word_1_308' title='bbox 1235 3182 1437 3225; x_wconf 74' lang='lat' dir='ltr'><strong>abductis</strong></span> <span class='ocrx_word' id='word_1_309' title='bbox 1467 3193 1573 3226; x_wconf 74' lang='lat' dir='ltr'><strong>arra</strong></span> <span class='ocrx_word' id='word_1_310' title='bbox 1604 3184 1793 3229; x_wconf 80' lang='lat' dir='ltr'><strong>colonis.</strong></span> 
     </span>
    </p>

    <p class='ocr_par' dir='ltr' id='par_1_6' title="bbox 169 3245 765 3290">
     <span class='ocr_line' id='line_1_36' title="bbox 169 3245 765 3290; baseline 0.008 -6"><span class='ocrx_word' id='word_1_311' title='bbox 169 3245 226 3288; x_wconf 82' lang='lat'><strong>13.</strong></span> <span class='ocrx_word' id='word_1_312' title='bbox 260 3246 391 3290; x_wconf 75' lang='lat' dir='ltr'><strong>Vasta</strong></span> <span class='ocrx_word' id='word_1_313' title='bbox 420 3257 607 3290; x_wconf 76' lang='lat' dir='ltr'><strong>comme</strong></span> <span class='ocrx_word' id='word_1_314' title='bbox 628 3245 765 3289; x_wconf 80' lang='lat' dir='ltr'><strong>nuda.</strong></span> 
     </span>
    </p>

    <p class='ocr_par' dir='ltr' id='par_1_7' title="bbox 142 3304 2072 3550">
     <span class='ocr_line' id='line_1_37' title="bbox 171 3304 2071 3364; baseline 0.001 -13"><span class='ocrx_word' id='word_1_315' title='bbox 171 3310 224 3351; x_wconf 71' lang='lat'><strong>1⁴.</strong></span> <span class='ocrx_word' id='word_1_316' title='bbox 252 3309 436 3354; x_wconf 75' lang='lat' dir='ltr'><strong>Reverti</strong></span> <span class='ocrx_word' id='word_1_317' title='bbox 458 3308 692 3360; x_wconf 75' lang='lat' dir='ltr'><strong>jubebant.</strong></span> <span class='ocrx_word' id='word_1_318' title='bbox 721 3306 884 3350; x_wconf 78' lang='lat' dir='ltr'><strong>Iubere</strong></span> <span class='ocrx_word' id='word_1_319' title='bbox 913 3317 940 3348; x_wconf 87' lang='lat' dir='ltr'><strong>a</strong></span> <span class='ocrx_word' id='word_1_320' title='bbox 967 3304 1027 3348; x_wconf 90' lang='lat' dir='ltr'><strong>ici</strong></span> <span class='ocrx_word' id='word_1_321' title='bbox 1054 3305 1101 3347; x_wconf 86' lang='lat' dir='ltr'><strong>le</strong></span> <span class='ocrx_word' id='word_1_322' title='bbox 1127 3314 1239 3348; x_wconf 89' lang='lat' dir='ltr'><strong>sens</strong></span> <span class='ocrx_word' id='word_1_323' title='bbox 1272 3306 1331 3348; x_wconf 89' lang='lat' dir='ltr'><strong>de</strong></span> <span class='ocrx_word' id='word_1_324' title='bbox 1348 3317 1539 3360; x_wconf 73' lang='lat' dir='ltr'><strong>enqayer</strong></span> <span class='ocrx_word' id='word_1_325' title='bbox 1565 3306 1612 3351; x_wconf 85' lang='grc' dir='ltr'><strong>ὰ.</strong></span> <span class='ocrx_word' id='word_1_326' title='bbox 1647 3310 1927 3361; x_wconf 87' lang='lat' dir='ltr'><strong>Comparez:</strong></span> <span class='ocrx_word' id='word_1_327' title='bbox 1959 3309 2071 3364; x_wconf 82' lang='lat' dir='ltr'><strong>Spe-</strong></span> 
     </span>
     <span class='ocr_line' id='line_1_38' title="bbox 142 3366 2072 3423; baseline 0.002 -12"><span class='ocrx_word' id='word_1_328' title='bbox 142 3375 204 3411; x_wconf 68' lang='lat' dir='ltr'><strong>rere</strong></span> <span class='ocrx_word' id='word_1_329' title='bbox 228 3384 300 3415; x_wconf 74' lang='lat' dir='ltr'><strong>noe</strong></span> <span class='ocrx_word' id='word_1_330' title='bbox 330 3371 470 3415; x_wconf 75' lang='lat' dir='ltr'><strong>amici</strong></span> <span class='ocrx_word' id='word_1_331' title='bbox 487 3369 669 3423; x_wconf 64' lang='lat' dir='ltr'><strong>suberit.</strong></span> <span class='ocrx_word' id='word_1_332' title='bbox 703 3372 789 3412; x_wconf 89' lang='lat' dir='ltr'><strong>Nos</strong></span> <span class='ocrx_word' id='word_1_333' title='bbox 819 3367 935 3411; x_wconf 82' lang='lat' dir='ltr'><strong>amis</strong></span> <span class='ocrx_word' id='word_1_334' title='bbox 965 3366 1156 3410; x_wconf 81' lang='lat' dir='ltr'><strong>veulent</strong></span> <span class='ocrx_word' id='word_1_335' title='bbox 1184 3378 1274 3421; x_wconf 87' lang='lat' dir='ltr'><strong>que</strong></span> <span class='ocrx_word' id='word_1_336' title='bbox 1290 3378 1408 3412; x_wconf 87' lang='lat' dir='ltr'><strong>nous</strong></span> <span class='ocrx_word' id='word_1_337' title='bbox 1430 3368 1671 3422; x_wconf 77' lang='lat' dir='ltr'><strong>esperions</strong></span> <span class='ocrx_word' id='word_1_338' title='bbox 1690 3370 1897 3423; x_wconf 84' lang='lat' dir='ltr'><strong>(Cic.‚Ad</strong></span> <span class='ocrx_word' id='word_1_339' title='bbox 1925 3371 2072 3421; x_wconf 66' lang='lat' dir='ltr'><strong>Fam„</strong></span> 
     </span>
     <span class='ocr_line' id='line_1_39' title="bbox 146 3426 2072 3487; baseline -0.003 -7"><span class='ocrx_word' id='word_1_340' title='bbox 146 3426 211 3480; x_wconf 55' lang='lat' dir='ltr'><strong>nl,</strong></span> <span class='ocrx_word' id='word_1_341' title='bbox 235 3434 290 3487; x_wconf 76' lang='lat'><strong>1).</strong></span> <span class='ocrx_word' id='word_1_342' title='bbox 320 3434 474 3479; x_wconf 75' lang='lat' dir='ltr'><strong>Gaeear</strong></span> <span class='ocrx_word' id='word_1_343' title='bbox 496 3437 543 3475; x_wconf 86' lang='lat' dir='ltr'><strong>te</strong></span> <span class='ocrx_word' id='word_1_344' title='bbox 562 3432 661 3475; x_wconf 71' lang='lat' dir='ltr'><strong>sine</strong></span> <span class='ocrx_word' id='word_1_345' title='bbox 688 3442 792 3473; x_wconf 81' lang='lat' dir='ltr'><strong>eura</strong></span> <span class='ocrx_word' id='word_1_346' title='bbox 818 3433 934 3474; x_wconf 66' lang='lat' dir='ltr'><strong>emet</strong></span> <span class='ocrx_word' id='word_1_347' title='bbox 952 3429 1111 3483; x_wconf 73' lang='lat' dir='ltr'><strong>jussit.</strong></span> <span class='ocrx_word' id='word_1_348' title='bbox 1143 3428 1284 3472; x_wconf 81' lang='lat' dir='ltr'><strong>Cesar</strong></span> <span class='ocrx_word' id='word_1_349' title='bbox 1312 3436 1532 3486; x_wconf 83' lang='lat' dir='ltr'><strong>veutque</strong></span> <span class='ocrx_word' id='word_1_350' title='bbox 1562 3436 1614 3475; x_wconf 84' lang='lat' dir='ltr'><strong>tu</strong></span> <span class='ocrx_word' id='word_1_351' title='bbox 1634 3432 1728 3474; x_wconf 82' lang='lat' dir='ltr'><strong>sois</strong></span> <span class='ocrx_word' id='word_1_352' title='bbox 1760 3443 1868 3476; x_wconf 80' lang='lat' dir='ltr'><strong>sans</strong></span> <span class='ocrx_word' id='word_1_353' title='bbox 1896 3432 2072 3487; x_wconf 76' lang='lat' dir='ltr'><strong>inquie-</strong></span> 
     </span>
     <span class='ocr_line' id='line_1_40' title="bbox 148 3489 873 3550; baseline -0.001 -13"><span class='ocrx_word' id='word_1_354' title='bbox 148 3489 213 3536; x_wconf 67' lang='lat' dir='ltr'><strong>lude</strong></span> <span class='ocrx_word' id='word_1_355' title='bbox 234 3495 375 3550; x_wconf 85' lang='lat' dir='ltr'><strong>(Cic.,</strong></span> <span class='ocrx_word' id='word_1_356' title='bbox 403 3496 478 3539; x_wconf 71' lang='lat' dir='ltr'><strong>Aa</strong></span> <span class='ocrx_word' id='word_1_357' title='bbox 508 3495 778 3549; x_wconf 59' lang='lat' dir='ltr'><strong>Atlio-,xm</strong></span> <span class='ocrx_word' id='word_1_358' title='bbox 804 3493 873 3549; x_wconf 84' lang='lat'><strong>6).</strong></span> 
     </span>
    </p>

    <p class='ocr_par' dir='ltr' id='par_1_8' title="bbox 179 3553 1362 3613">
     <span class='ocr_line' id='line_1_41' title="bbox 179 3553 1362 3613; baseline 0 -13"><span class='ocrx_word' id='word_1_359' title='bbox 179 3555 228 3601; x_wconf 83' lang='grc'><strong>15.</strong></span> <span class='ocrx_word' id='word_1_360' title='bbox 256 3557 515 3613; x_wconf 74' lang='lat' dir='ltr'><strong>Interfectis</strong></span> <span class='ocrx_word' id='word_1_361' title='bbox 548 3556 633 3610; x_wconf 74' lang='lat' dir='ltr'><strong>qui.</strong></span> <span class='ocrx_word' id='word_1_362' title='bbox 662 3557 834 3610; x_wconf 79' lang='lat' dir='ltr'><strong>Ellipse</strong></span> <span class='ocrx_word' id='word_1_363' title='bbox 864 3557 921 3598; x_wconf 88' lang='lat' dir='ltr'><strong>de</strong></span> <span class='ocrx_word' id='word_1_364' title='bbox 945 3553 1261 3599; x_wconf 73' lang='lat' dir='ltr'><strong>l&#39;antecedent</strong></span> <span class='ocrx_word' id='word_1_365' title='bbox 1284 3554 1362 3600; x_wconf 72' lang='lat' dir='ltr'><strong>iis.</strong></span> 
     </span>
    </p>
   </div>
  </div>
 </body>
</html>
