2517 3975
716 247 1107 288 ms'romAnmt
1140 246 1481 287 ammom
1519 249 1600 303 1v,
1639 253 1741 289 xv.
2103 233 2204 288 111

236 379 376 420 cum
410 377 561 416 suos
598 359 1141 430 appropinquantes
1168 357 1484 413 vidissent.
1518 357 1655 413 Non
1694 358 2017 414 fefellere?
2057 358 2206 412 Par·
2260 360 2295 417 6

233 449 598 519 meniwisin,
638 448 739 518 qui
781 447 841 502 in
878 446 1035 501 laevo
1069 448 1238 500 erat:
1279 461 1536 517 propere
1568 448 1752 520 igitur
1784 446 2209 517 Polydamanta

172 543 180 550 '
233 541 439 608 mittit,
473 538 575 609 qui
613 540 672 591 et
713 536 1045 607 periculum
1085 534 1418 589 ostenderet
1440 535 1479 603 ⁴,
1512 538 1570 590 et
1609 536 1751 606 quid
1794 535 1925 590 fieri
1967 534 2209 606 juberet

231 647 369 698 rex,
409 616 939 689 consule1·et.=(l.lle,
981 622 1178 678 audito
1222 622 1686 693 Polydamante:
1735 646 1759 672 «ι
1797 623 1933 691 Abi,
1977 622 2202 690 nuntia,
2260 628 2292 681 7

233 717 450 788 inquit,
470 713 869 777 Parmenioni,
892 712 946 768 si
974 713 1098 766 acie
1126 711 1474 780 vicerimus,
1497 728 1612 768 non
1638 722 1848 769 nostra
1876 713 2070 768 solum
2090 727 2204 768 nos

235 807 722 878 recuperaturos,
756 803 865 857 sed
901 802 1098 868 etiam,
1128 816 1255 872 quae
1305 801 1564 856 hostium
1596 806 1762 870 sunt,
1792 805 2203 873 occupaturos,

237 894 501 952 Proinde
545 908 666 947 non
708 895 794 946 est
835 890 993 962 quod
1033 889 1344 962 quicquam
1374 890 1589 945 virium
1628 891 1919 946 subducat
1947 906 2024 946 ex.
2053 891 2203 958 acie,
2258 895 2293 951 8

236 986 367 1053 sed,
399 987 466 1039 ut
491 998 584 1038 me
606 984 676 1035 'et
708 979 985 1049 Philippo
1010 980 1178 1048 patre
1209 978 1456 1049 dignum
1495 978 1612 1048 est,
1638 981 1973 1050 contempto
2009 981 2201 1036 sarei-

234 1088 449 1129 narum
476 1071 712 1135 damno,
742 1067 977 1122 fortiter
1004 1066 1261 1122 dimicet.
1288 1089 1314 1116 n

307 1160 557 1216 Interim
580 1157 827 1213 barbari
856 1155 1275 1225 impedimenta
1304 1157 1707 1224 turbaverant,
1749 1158 2043 1230 caesisque
2079 1158 2201 1227 ple-
2257 1159 2293 1216 9

229 1252 447 1323 risque
475 1247 805 1314 custodum,
833 1244 1071 1316 captivi,
1103 1244 1365 1298 vinculis
1393 1246 1612 1314 ruptis,
1642 1246 1930 1317 quidquid
1960 1245 2200 1303 obvium

228 1342 383 1407 erat,
408 1353 524 1408 quo
557 1334 776 1390 armari
812 1336 1081 1403 possent,
1130 1332 1441 1402 arripiunt,
1493 1336 1551 1387 et
1600 1335 1914 1406 aggregati
1949 1349 2198 1391 suorum

226 1414 557 1499 equitibus.
587 1422 942 1477 Macedonas
971 1420 1210 1490 ancipiti
1236 1422 1677 1479 circumventos
1706 1422 1858 1478 malo
1887 1423 2194 1479 invadunt.

229 1516 403 1586 laeti,
430 1509 532 1584 ‹iui
575 1512 734 1567 circa
778 1508 1167 1581 Sisigambim
1193 1516 1382 1579 erant,
1408 1510 1634 1565 vicisse
1676 1510 1939 1580 Darium,
1970 1511 2201 1584 ingenti
2256 1514 2325 1570 10

229 1605 393 1661 caede
444 1604 778 1674 prostratos
828 1599 1057 1665 nostae,
1106 1597 1178 1651 ad
1233 1598 1508 1652 ultimum
1552 1600 1732 1655 etiam
1766 1600 2198 1670 impedimentis

226 1695 445 1749 exutos
500 1704 641 1746 esse
693 1686 984 1756 nuntiant,
1046 1685 1265 1757 quippe
1319 1686 1565 1741 eandem
1617 1686 1922 1742 fortunam
1977 1687 2199 1758 ubique

225 1797 369 1839 esse
423 1777 746 1834 credebant
768 1821 783 1844 ,
833 1778 891 1830 et
938 1775 1201 1829 victores
1256 1775 1479 1830 Persas
1534 1775 1607 1831 ad
1660 1777 1916 1846 praedam
1964 1776 2195 1833 discur-

224 1871 407 1928 risse.
455 1865 835 1937 Sisigambis,
880 1863 1261 1918 hortantibus
1304 1862 1554 1934 captivis
1595 1868 1660 1918 ut
1697 1866 1955 1919 animum
1993 1882 2028 1920 a
2063 1882 2200 1922 moe-
2251 1867 2317 1921 11

225 1974 365 2015 rore
396 1956 699 2022 allevaret,
733 1954 795 2008 in
826 1951 1051 2020 eodem,
1079 1967 1195 2024 quo
1233 1955 1402 2008 autea
1438 1952 1568 2022 fuit,
1600 1953 2030 2023 perseveravit.
2059 1953 2196 2009 Non

226 2061 348 2104 vu
372 2046 490 2103 ulla
526 2043 744 2101 excidit
789 2042 869 2108 ei,
914 2039 1034 2096 non
1075 2042 1201 2096 oris
1238 2042 1406 2096 color
1444 2041 1721 2096 vultusve
1757 2044 2019 2096 mutatus
2053 2044 2191 2097 est:

228 2136 382 2193 sedit
420 2131 745 2189 immobilis
771 2160 845 2171 -
880 2130 1078 2199 credo,
1115 2130 1418 2199 praecoqui
1463 2129 1678 2200 gaudio
1727 2130 1914 2184 verita
1958 2129 2197 2184 irritare

226 2224 551 2292 fortunam,
578 2249 653 2263 --
679 2219 823 2274 adeo
849 2220 931 2286 ut,
973 2216 1117 2288 quid
1150 2217 1352 2272 mallet
1392 2259 1410 2286 ,
1449 2217 1816 2272 intuentibus
1854 2231 1985 2276 eam
2019 2216 2196 2272 fuerit

221 2314 541 2368 incertum.

228 2408 279 2464 x(
301 2402 461 2455 Inter
503 2398 632 2452 haec
673 2395 961 2462 Menidas,
999 2392 1321 2464 praefectus
1368 2393 1633 2463 equitum
1678 2391 2021 2460 Alexandri,
2063 2408 2198 2449 cum
2253 2400 2322 2455 12

223 2489 431 2560 paucis
457 2486 671 2542 turmis
706 2499 879 2554 opem
919 2481 1362 2552 impedimentis
1397 2482 1625 2536 laturus
1655 2482 1976 2538 advenerat
2001 2511 2070 2522 —
2102 2483 2197 2537 in·

224 2581 454 2633 eertum
477 2589 667 2630 suone
695 2572 941 2627 consilio
971 2587 1051 2625 an
1075 2570 1239 2642 regis
1268 2571 1517 2640 imperio
1537 2600 1608 2610 —
1627 2570 1734 2626 sed
1761 2586 1886 2624 non
1912 2571 2195 2627 sustinuit

225 2666 618 2726 Cadusiorum
668 2660 1133 2731 Scytharumque
1178 2659 1499 2729 impettun3
1552 2658 1794 2730 quippe,
1827 2659 1936 2714 vix
1971 2663 2193 2717 tentato

226 2752 564 2816 certamine,
597 2748 815 2821 refugit
854 2748 927 2802 ad
970 2762 1192 2820 regem,
1236 2747 1595 2801 amissorum
1635 2747 2191 2817 impedimentorum

223 2844 398 2899 testis
428 2841 622 2914 magis
667 2852 837 2909 quam
876 2836 1116 2892 vindex.
1154 2835 1287 2891 Jam
1330 2835 1647 2891 eonsilium
1674 2836 1995 2891 Alexandri
2024 2838 2194 2893 dolor
2251 2844 2319 2901 13

224 2932 488 2987 vicerat:
514 2934 589 2999 et,
621 2943 696 2982 ne
729 2942 870 2982 cura
898 2923 1292 2994 reeuperandi
1320 2939 1428 2979 sua
1455 2924 1697 2979 militem
1717 2941 1752 2982 a
1769 2925 1983 2995 proelio
2014 2941 2191 2981 aver-

223 3022 401 3089 teret,
433 3035 551 3074 non
591 3016 883 3072 immerito
911 3013 1247 3069 verebatur.
1291 3012 1491 3083 Itaque
1538 3014 1778 3083 Areten,
1812 3014 2021 3069 ducem
2051 3013 2190 3069 has-

224 3109 480 3162 tatorum
500 3107 522 3127 *
549 3135 623 3146 --
651 3101 1107 3172 sarissophoros
1125 3100 1146 3122 *
1175 3100 1468 3155 vocabant
1497 3130 1568 3140 -
1608 3100 1899 3157 adversus
1939 3100 2193 3173 Scythas

219 3193 420 3251 mittit.
450 3194 611 3248 Inter
639 3192 761 3247 haec
790 3205 1030 3261 curruS,
1057 3188 1157 3260 qui
1185 3189 1342 3243 circa
1371 3188 1543 3262 signa
1570 3189 1957 3245 turbaverant
1984 3190 2189 3257 aciem,
2248 3196 2318 3251 14

276 3389 330 3431 3.
364 3386 615 3441 Feseuetat,
637 3384 762 3438 sujet
783 3384 988 3428 Mazaeue.

276 3447 333 3495 4.
366 3447 503 3493 uiuit
529 3448 603 3503 qui
635 3446 899 3492 ostenderet.
928 3447 1018 3489 Sur
1045 3442 1093 3488 la
1111 3441 1388 3488 coi-relation
1423 3441 1506 3488 des
1528 3447 1698 3498 temps,
1725 3443 1784 3488 cf.
1809 3444 1882 3497 lv,
1909 3454 1953 3496 v,
1982 3445 2091 3487 note
2111 3442 2181 3485 13.

275 3516 333 3557 ⁵.
368 3510 478 3562 Quid
494 3510 662 3556 mallet.
683 3512 809 3552 Dans
839 3507 883 3551 la
901 3517 1039 3562 prose
1063 3505 1296 3561 danaique
1320 3505 1500 3561 l'usage
1526 3511 1600 3552 est
1638 3506 1696 3551 de
1723 3510 1893 3551 mettre
1921 3506 2035 3556 uter,
2064 3506 2184 3555 utra,

220 3577 398 3624 utrum,
425 3572 575 3628 quand
602 3582 661 3615 on
690 3571 820 3627 pane
840 3570 896 3614 de
926 3569 1069 3614 deux.
