2517 3975
262 668 324 722 21

263 847 333 900 22

267 1113 336 1166 23

269 1379 337 1432 24

269 1644 339 1697 25

272 1907 341 1963 26

385 278 454 332 76
1145 291 1196 336 Q.
1240 292 1411 332 cmm
1449 292 1585 330 num

384 418 480 458 mo
505 405 560 456 et
589 401 853 456 submitti
878 416 1034 472 genu
1055 402 1228 471 coepit
1247 417 1260 456 :
1282 417 1456 472 quem
1477 402 1736 471 proximi
1756 402 2340 472 exceptumincastra

384 493 758 562 receperunt.
773 489 845 545 Et
863 490 1046 556 Betis,
1063 488 1434 545 interfectum
1452 494 1639 556 ratuS,
1656 491 1864 546 urbem
1879 507 2069 546 ovans
2102 492 2342 547 victoria

384 579 611 650 repetit.
671 606 677 610 -

456 668 532 721 At
581 667 937 732 Alexander,
983 666 1243 721 nondum
1300 669 1612 736 percurato
1664 666 1943 734 vulnere,
1991 683 2271 738 aggerem
2301 669 2342 734 *‚

387 771 500 827 quo
548 756 828 810 moenium
868 754 1236 809 altitudinem
1277 759 1559 825 aequaret,
1604 756 1919 820 exstruxit,
1962 756 2347 828 pluribusque

387 844 706 901 cuniculis*
728 859 930 897 muros
960 843 1169 897 subrui
1188 843 1396 915 jussit.
1417 842 1709 914 Oppidani
1737 842 1811 896 ad
1838 844 2156 913 pristinum
2182 844 2349 901 fasti-

388 935 550 1006 gium
593 934 876 986 moenium
905 947 1123 985 novum
1162 934 1513 985 exstruxere
1562 931 2009 999 munimentum,
2049 933 2156 986 sed
2194 948 2266 988 ne
2294 934 2352 988 id

390 1022 621 1093 quidem
644 1023 840 1075 turres
856 1023 876 1041 *
906 1021 1152 1092 aggeri*
1171 1018 1481 1090 impositas
1504 1022 1732 1089 poterat
1757 1035 2013 1089 aequare.
2038 1021 2237 1092 Itaque
2266 1023 2352 1076 in-

390 1112 609 1166 teriora
635 1123 870 1178 quoque
900 1108 1070 1162 urbis
1102 1106 1317 1163 infesta
1346 1108 1481 1162 telis
1511 1111 1699 1162 erant.
1722 1107 1942 1162 Ultima
1971 1110 2155 1179 pestis
2192 1110 2353 1166 urbis

391 1199 501 1253 fuit
535 1197 802 1253 cuniculo
840 1197 1124 1251 subrutus
1139 1197 1179 1224 ¹⁸
1209 1212 1437 1261 muruS,
1471 1211 1580 1266 per
1608 1197 1782 1268 cujus
1814 1196 2020 1251 ruinas
2049 1197 2238 1252 hostis
2268 1199 2355 1253 in·

397 1288 595 1344 travit.
616 1285 876 1340 Ducebat
898 1286 1031 1356 ipse
1052 1301 1159 1339 rex
1178 1286 1630 1355 antesignanoS,
1653 1287 1729 1353 et,
1754 1285 1894 1338 dum
1912 1285 2250 1339 incautius¹⁸
2264 1303 2360 1342 su-

391 1376 496 1441 bit,
546 1390 692 1429 saxo
738 1390 876 1429 crus
905 1373 1039 1444 ejus
1070 1372 1374 1444 affligitur.
1408 1372 1659 1427 Innixus
1688 1376 1883 1428 tamen
1925 1373 2061 1443 telo,
2096 1374 2360 1430 nondum

391 1466 613 1536 prioris
660 1464 930 1518 vulneris
976 1463 1225 1517 obducta
1267 1462 1559 1529 cicatrice,
1594 1463 1746 1517 inter
1772 1463 2069 1532 primores
2108 1463 2358 1534 dimicat,

392 1554 483 1607 ira
511 1568 744 1622 quoque
775 1567 1081 1615 accensus,
1111 1551 1263 1620 quod
1290 1551 1408 1605 duo
1440 1551 1501 1604 in
1533 1550 1840 1606 obsidione
1872 1551 2041 1606 urbis
2071 1552 2204 1624 ejus
2234 1555 2365 1608 vul-

393 1657 538 1696 nera
567 1644 889 1710 acceperat.
924 1640 1132 1703 Betim,
1164 1641 1417 1710 egregia
1446 1639 1600 1693 edita
1638 1654 1856 1709 pugna,
1890 1640 2203 1712 multisque
2234 1643 2366 1698 vul-

395 1729 640 1784 neribus
658 1728 1008 1787 cont'ectum,
1033 1727 1427 1782 deseruerunt
1443 1728 1566 1781 sui:
1586 1743 1696 1782 nec
1711 1730 1907 1782 tamen
1938 1733 2182 1799 segnius
2212 1747 2368 1800 proe-

392 1817 539 1870 lium
578 1816 946 1886 capessebat,
980 1815 1227 1870 lubricis
1257 1816 1442 1870 armis
1486 1831 1595 1869 suo
1641 1814 1864 1885 pariter
1892 1819 2066 1887 atque
2102 1817 2367 1873 hostium

395 1907 716 1974 sanguine.
757 1903 870 1959 Sed
903 1920 1035 1958 cum
1076 1904 1329 1973 undique
1355 1905 1491 1959 telis
1521 1908 1837 1974 peteretur,
1872 1905 1945 1958 ad
1973 1910 2366 1976 postremum,

396 1996 702 2052 exhaustis
750 1994 1005 2063 viribuS,
1043 1995 1220 2048 vivus
1271 1995 1334 2048 in
1381 1997 1732 2063 potestatem
1772 1994 2030 2049 hostium
2069 1999 2366 2067 pervenit.
2493 2009 2494 2086 l

394 2086 521 2153 Quo
552 2085 823 2148 adducto,
849 2084 1130 2138 insolenti
1152 2083 1372 2154 gaudio
1396 2082 1641 2154 juvenis
1662 2083 1682 2104 *
1704 2083 1914 2152 elatus,
1949 2085 2102 2140 alias.
2124 2085 2371 2142 virtutis

395 2177 574 2231 etiam
600 2176 663 2229 in
684 2174 853 2228 hoste
873 2171 1212 2226 mirator¹⁴z
1243 2193 1266 2218 «
1290 2171 1445 2237 Non,
1468 2174 1532 2224 ut
1554 2171 1818 2238 voluisti,
1838 2173 2044 2244 inquit,
2067 2176 2367 2243 morieriS‚

398 2267 502 2321 sed
533 2261 814 2337 quidquid
842 2264 904 2315 in
937 2262 1232 2331 captivum
1263 2259 1523 2314 inveniri
1551 2263 1767 2334 potest,
1799 2275 2118 2331 passurum
2146 2280 2283 2319 esse
2309 2269 2377 2320 te

398 2355 614 2426 cogita,
653 2377 675 2402 »ι
726 2352 848 2419 Ille,
898 2366 1017 2404 non
1062 2350 1331 2404 interrito
1377 2348 1573 2414 mod0,
1613 2348 1720 2403 sed
1767 2352 2098 2406 contumaci
2134 2369 2377 2425 quoque
2493 2391 2494 2396 κ

397 2444 565 2496 vultu
593 2444 834 2496 intuens
864 2454 1090 2510 regem,
1119 2438 1340 2491 nullam
1369 2437 1444 2491 ad
1472 2438 1667 2492 minas
1695 2437 1828 2508 ejus
1860 2439 2113 2494 reddidit
2138 2455 2377 2495 vocem.
2492 2399 2494 2468 ⁴

399 2531 544 2585 Tum
599 2519 935 2583 Alexander
977 2539 988 2580 :
1039 2548 1064 2574 α
1118 2525 1420 2579 Videtisne
1478 2525 1834 2580 obstinatum
1888 2526 1960 2580 ad
2012 2528 2381 2596 tacendum?

401 2618 623 2688 inquit;
657 2633 798 2670 num
853 2631 1010 2685 genu
1056 2610 1296 2683 posuit?
1348 2630 1490 2667 num
1537 2629 1740 2668 vocem
1791 2613 2119 2685 supplicem
2158 2616 2384 2670 misit?

402 2706 648 2760 Vineam
688 2708 882 2759 tamen
930 2704 1255 2770 silentium,
1291 2704 1366 2770 et,
1398 2704 1453 2756 si
1491 2702 1638 2756 nihil
1682 2702 1918 2770 aliud¹³,
1951 2707 2108 2758 certe
2147 2706 2389 2777 gemitu

402 2792 812 2862 interpellabo.
849 2816 870 2841 »
908 2792 1001 2845 Ira
1040 2790 1250 2844 deinde
1283 2790 1512 2844 vertit¹⁰
1538 2790 1601 2843 in
1631 2790 1877 2859 rabiem,
1902 2789 2021 2861 jam
2048 2793 2171 2845 tum
2205 2808 2394 2862 pere·

403 2884 616 2955 grinos
635 2882 788 2934 ritus
810 2897 965 2935 nova
993 2879 1288 2934 subeunte
1310 2878 1565 2934 fortuna.
1589 2879 1706 2933 Per
1724 2880 1875 2933 talos
1899 2880 2057 2933 enim
2088 2882 2396 2952 spirantis

402 2973 532 3026 lora
575 2970 820 3040 trajecta
862 2973 1020 3034 sunt,
1060 2968 1492 3036 religatumque
1540 2965 1613 3019 ad
1654 2981 1895 3019 currum
1935 2968 2176 3026 traxere
2224 2969 2399 3023 circa

402 3061 607 3115 urbem
659 3057 815 3128 equi,
857 3057 1148 3128 gloriante
1187 3070 1335 3126 rege
1376 3054 1671 3122 Achillen,
1714 3071 1747 3107 a
1791 3071 1907 3126 quo
1950 3072 2146 3127 genus
2167 3058 2210 3085 ¹⁷
2250 3058 2402 3128 ipse

454 3247 527 3293 12.
562 3247 711 3290 Murus
736 3245 961 3288 subrutus.
997 3244 1066 3290 Cf.
1098 3248 1173 3301 111,
1192 3256 1247 3299 11,
1269 3248 1375 3287 note
1400 3243 1473 3293 ΞΒ.

454 3313 526 3355 13.
561 3308 805 3352 Incautiue.
829 3308 897 3351 Cf.
923 3314 1030 3351 note
1052 3314 1122 3353 11.

454 3373 529 3417 14.
564 3371 766 3424 Mirator,
785 3380 876 3424 peu
896 3369 1039 3412 usite.

384 3449 401 3462 ·
453 3436 530 3480 15.
564 3434 614 3480 st
641 3432 759 3476 nihil
787 3430 927 3475 aliud.
950 3432 1120 3485 Ellipse
1140 3432 1203 3475 du
1227 3431 1370 3475 verbe
1392 3432 1558 3485 secero.

455 3503 530 3542 16.
569 3496 731 3548 Vertit,
751 3493 959 3547 employa
983 3492 1422 3537 intransitivement.

458 3563 530 3604 17.
568 3558 711 3603 Genus
739 3555 991 3599 deduceret.
1018 3557 1078 3597 La
1097 3554 1222 3598 mere
1239 3555 1554 3608 d‘Alexandre,
1565 3554 1819 3611 Olympias,
1841 3554 2105 3611 pretendait
2122 3556 2424 3603 descendi-e

405 3624 469 3667 du
497 3622 570 3665 fils
591 3618 829 3672 d’Achille‚
848 3615 1164 3671 Neoptolemo.
