2517 3975
271 2051 342 2107 10

269 2317 334 2372 11

267 2584 339 2640 12

270 2937 338 2993 13

396 242 501 298 808
1152 257 1207 304 Q.
1249 257 1421 297 cua-ri
1456 259 1593 297 Ruri

388 365 590 438 jacula
609 366 631 388 ⁶
657 366 975 436 complura,
1006 365 1112 420 ubi
1145 367 1477 420 comminus
1514 367 1901 438 proeliandum
1942 367 2087 432 erat,
2115 365 2327 421 omissis

396 455 666 519 habeniS,
709 455 771 507 in
824 453 1055 508 hostem
1111 454 1480 525 ingerebant.
1532 454 1806 511 Ceterum
1847 455 1950 508 vix
2002 454 2157 509 ullus
2204 469 2325 507 usus

396 542 577 614 hujus
622 542 831 596 auxilii
876 557 944 597 eo
991 543 1087 597 die
1132 542 1261 596 fuit.
1308 542 1619 614 Namque,v
1649 547 1711 598 ut
1752 560 1934 615 supra
1980 542 2192 597 dictum
2226 545 2323 610 est,

394 631 607 698 imber,
651 631 965 686 violentius
1011 646 1186 701 quam
1243 632 1392 686 alias
1448 631 1643 698 fusus,
1689 648 1931 703 campos
1983 631 2236 685 lubricos
2280 633 2329 684 et

396 720 814 791 inequitabiles
832 719 1080 785 fecerat,
1115 711 1447 792 gravesque
1479 724 1536 775 et
1559 721 1996 792 propemodum
2025 720 2326 774 immobiles

396 826 611 864 currus
639 806 840 863 illuvie
879 824 946 862 ac
983 809 1376 880 voraginibus
1418 809 1739 864 haerebant.
1773 809 1991 864 Contra
2025 808 2328 863 Alexander

396 898 666 968 expedito
707 914 775 952 ae
821 897 938 951 levi
985 898 1222 968 agmine
1269 900 1511 953 strenue
1557 899 1830 953 invectus
1878 901 1988 964 est,
2032 895 2252 967 Scythae
2285 898 2331 950 et

393 987 577 1043 Dahae
607 986 776 1058 primi
803 987 1065 1041 omnium
1092 986 1369 1041 invasere
1388 986 1587 1054 Indos,
1612 986 1956 1042 Perdiccam
1984 984 2193 1041 deinde
2219 1001 2332 1040 cum

394 1077 696 1147 equitibus
724 1077 787 1129 in
817 1076 1087 1130 dextrum
1116 1091 1304 1130 cornu
1331 1076 1590 1131 hostium
1620 1077 1837 1130 emisit.

464 1166 596 1220 Jam
633 1165 888 1236 undique
915 1180 1113 1236 pugna
1143 1179 1211 1219 se
1239 1170 1507 1219 moverat
1523 1165 1564 1231 ⁸,
1596 1181 1727 1220 cum
1755 1166 1798 1219 ii
1830 1165 1931 1237 qui
1959 1180 2174 1220 currus
2210 1179 2338 1234 age-

394 1254 557 1323 bant,
588 1254 729 1306 illud
770 1252 1036 1307 ultimum
1080 1253 1367 1308 auxilium
1414 1269 1661 1307 suorum
1700 1254 1833 1317 rati,
1867 1253 2081 1307 effusis
2111 1252 2342 1308 habenis

396 1345 458 1397 in
498 1341 756 1396 medium
800 1341 1123 1395 discrimen
1164 1357 1342 1396 ruere
1371 1344 1700 1411 coeperunt.
1733 1342 2006 1411 Anceps⁴
2054 1342 2115 1395 id
2142 1341 2341 1395 malum

395 1432 663 1502 utrisque
692 1432 837 1485 erat.
863 1431 1015 1484 Nam
1045 1432 1103 1484 et
1134 1429 1517 1484 Macedonum
1545 1431 1775 1501 pedites
1795 1432 1984 1500 primo
2015 1431 2232 1501 impetu
2252 1430 2344 1485 ob-

394 1521 753 1587 terebantur,
785 1521 840 1571 et
867 1534 974 1588 per
1001 1518 1232 1572 lubrica
1263 1521 1437 1591 atque
1461 1520 1621 1572 invia
1651 1520 1905 1573 immissi
1935 1534 2150 1573 currus
2179 1535 2340 1573 excu-

394 1610 611 1663 tiebant
639 1623 764 1671 e05‚
792 1622 828 1662 a
858 1606 1074 1674 quibus
1100 1606 1467 1677 regebantur
1491 1621 1503 1659 z
1553 1607 1803 1661 aliorum
1828 1607 2043 1660 turbati
2074 1607 2208 1677 equi
2236 1621 2342 1659 non

395 1698 457 1749 in
487 1694 813 1765 voragines
842 1694 1013 1750 modo
1044 1694 1425 1763 lamnasque,
1468 1694 1576 1748 sed
1605 1693 1783 1748 etiam
1802 1695 1863 1747 in
1894 1709 2129 1748 amnem
2157 1691 2344 1762 praeci-

395 1785 658 1854 pitavere
687 1781 1000 1835 curricula.
1024 1781 1224 1849 Pauci,
1245 1783 1383 1837 telis
1401 1783 1420 1803 *
1452 1783 1714 1836 hostium
1741 1782 1952 1849 exacti,
1974 1785 2341 1851 penetravere

397 1873 470 1926 ad
498 1872 720 1926 Porum
743 1871 1030 1924 acerrime
1058 1886 1323 1943 pugnam
1351 1871 1630 1926 cientem.
1668 1870 1749 1939 Is,
1780 1874 1844 1924 ut
1885 1869 2208 1940 dissipatos
2233 1869 2337 1921 tota

395 1962 521 2017 acie
551 1975 762 2016 currus
781 1960 988 2031 vagari
1017 1960 1149 2014 sine
1170 1959 1502 2015 rectoribus
1531 1959 1698 2030 vidit,
1718 1960 2008 2029 proximis
2037 1960 2337 2013 amicorum

397 2050 697 2106 distribuit
725 2049 1091 2119 elephantosi.
1123 2049 1265 2103 Post
1294 2065 1399 2104 eos
1432 2052 1716 2117 posuerat·
1744 2049 2002 2117 peditem
2015 2050 2055 2118 ⁸,
2081 2065 2147 2103 ac
2174 2045 2334 2116 sagit·

395 2141 583 2196 tarios
596 2140 640 2209 *‚
661 2141 720 2194 et
747 2137 1055 2209 tympana*
1076 2137 1318 2208 pulsare
1343 2138 1555 2193 solitos
1579 2152 1592 2191 z
1615 2139 1677 2192 id
1704 2154 1811 2207 pro
1843 2140 2022 2192 cantu
2048 2131 2330 2191 tubarum*

394 2230 560 2284 Indis
591 2232 734 2283 erat.
762 2227 884 2282 Nec
923 2228 1172 2296 strepitu
1220 2242 1427 2281 eorum
1458 2227 1844 2296 movebantur
1862 2226 1903 2291 ⁶,
1937 2226 2079 2280 olim
2124 2225 2191 2277 ad
2228 2236 2327 2275 no-

394 2324 519 2375 tum
547 2333 761 2373 sonum
790 2316 1037 2371 auribus
1055 2316 1366 2386 mitigatis.
1395 2316 1669 2370 Herculis
1688 2317 1706 2342 ⁷
1736 2316 2118 2369 simulacrum
2133 2307 2331 2384 agmini

391 2408 654 2480 peditum
682 2403 1126 2476 praeferebatur.
1163 2404 1226 2457 Id
1256 2404 1577 2457 maximum
1608 2407 1732 2458 erat
1760 2402 2122 2458 bellantibus
2147 2399 2333 2454 incita-

394 2500 679 2565 mentum,
707 2498 767 2549 et
793 2493 1132 2548 deseruisse
1159 2494 1463 2564 gestantes
1500 2493 1749 2546 militare
1777 2492 2072 2563 flagitium
2098 2486 2333 2544 habeba-

392 2590 510 2641 tur.
541 2583 767 2655 Capitis
812 2583 988 2636 etiam
1035 2585 1359 2636 sanxerant
1400 2597 1635 2651 poenam
1680 2581 1775 2645 fle,
1805 2581 1906 2650 qui
1952 2596 2028 2634 ex
2069 2580 2190 2633 acie
2231 2586 2333 2628 non

393 2674 777 2742 rettulissent,
809 2674 989 2739 metu,
1020 2687 1197 2742 quem
1224 2687 1300 2725 ex
1336 2670 1440 2725 illo
1471 2670 1644 2724 hoste
1663 2669 1682 2697 ⁸
1729 2671 2030 2739 quondam
2076 2676 2336 2733 concepe-

393 2768 540 2833 rant,
575 2764 750 2818 etiam
776 2762 839 2814 in
866 2760 1217 2831 religionem
1251 2760 1810 2829 venerationemque
1839 2773 2143 2812 converso.

465 2850 819 2905 Macedonas
849 2866 969 2904 non
1014 2848 1327 2904 beluarum
1372 2848 1570 2913 modo,
1603 2845 1709 2902 sed
1753 2847 1930 2900 etiam
1969 2846 2159 2915 ipsius
2184 2835 2335 2907 regis

393 2940 674 3010 aspectus
700 2951 1015 3008 parumper
1033 2935 1307 2990 inhibuit.
1330 2934 1552 3001 Beluae,
1574 2933 1875 3004 dispositae
1894 2933 2050 2987 inter
2067 2927 2332 2988 armatas»

443 3146 492 3188 3.
524 3140 676 3195 Panna
696 3151 746 3184 ee
772 3143 984 3184 moverat.
1017 3142 1079 3182 Le
1101 3139 1244 3184 verbe
1270 3137 1458 3183 reflechi
1482 3136 1745 3194 equivalent
1772 3136 1835 3181 du
1862 3137 2029 3192 passif.
2054 3138 2113 3180 La
2141 3126 2328 3176 leontion

394 3203 512 3249 n‘est
537 3213 620 3258 pas
648 3201 900 3256 classique.

423 3266 492 3346 νΔί.
545 3266 730 3317 Anceps,
771 3262 955 3315 double,
1000 3264 1215 3318 trappant
1255 3262 1282 3307 ὲ
1322 3262 1369 3307 la
1396 3262 1485 3307 fois
1514 3263 1583 3307 les
1612 3268 1802 3317 troupes
1841 3262 1897 3306 de
1940 3265 2076 3305 Porus
2114 3263 2161 3301 et
2200 3250 2327 3296 081188

393 3324 744 3428 ᾶέἷθῖἓιῖἷξῆι.
771 3382 1001 3435 singulier
1029 3396 1089 3428 au
1117 3396 1226 3429 sens
1252 3386 1474 3430 collectis.
1510 3387 1581 3432 Cf.
1616 3390 1690 3437 111,
1718 3398 1750 3439 1,
1779 3391 1889 3431 note
1910 3389 1951 3430 3.

448 3448 496 3489 6.
529 3443 820 3495 uerebantur,
850 3444 923 3499 les„
947 3444 1211 3500 elephants.

449 3504 496 3547 7.
528 3502 749 3545 Herculis.
780 3504 895 3545 Sans
921 3504 1060 3549 doute
1088 3509 1135 3550 le
1162 3509 1270 3552 dieu
1299 3511 1381 3554 des
1410 3511 1613 3565 Indicus,
1638 3510 1855 3555 Wishnu.

449 3570 478 3608 8
528 3563 614 3608 1110
641 3562 783 3615 laone,
809 3564 1100 3610 o'est-e—dire
1127 3571 1343 3616 Hercule.
