2517 3975
613 227 1004 274 msronmmm
1039 231 1374 274 ALExAnnm
1413 236 1514 286 vn,
1547 236 1650 271 vu.
2010 211 2116 266 245

159 327 517 403 tenderetur,
543 352 648 392 cur
685 340 839 409 apud
886 343 1064 396 alium
1112 357 1286 412 quam
1323 341 1477 412 apud
1513 355 1608 394 me
1647 338 1961 411 professus
1999 351 2063 389 es
2086 340 2113 392 ἰ)

160 423 411 496 Erygius
433 441 642 481 arcana
671 443 799 483 mea
831 434 886 484 et
907 435 1227 496 secreta,te
1257 433 1563 501 prodente,
1596 429 1908 499 cognovit:
1942 441 2114 495 quem

162 519 394 580 certum,
415 514 769 583 mehercule,
787 518 974 574 habeo
1005 524 1277 575 extorum
1315 521 1634 589 intreprete
1662 518 1744 570 uti
1780 519 1939 570 metu
1971 531 2103 568 sue.

161 601 286 656 Tibi
323 606 518 657 autem
547 605 806 674 quietius
830 624 1001 679 quam
1040 625 1147 679 par
1184 611 1276 663 est
1312 608 1629 662 denuntio:
1680 606 1796 676 ipsi
1824 604 1969 658 mihi
1990 603 2113 675 jam
2165 605 2170 610 “

162 690 381 746 indices
428 694 567 764 quid
618 696 774 751 extis
816 700 1200 770 cognoveriS‚
1240 714 1313 752 ne
1362 696 1570 768 possis
1606 694 1847 750 infitiari
1883 694 2112 748 dixisse

164 794 282 849 quae
312 780 554 838 dixeris,
601 807 622 832 »

222 868 325 922 1116
356 873 685 943 exsanguis
708 874 1074 946 attonitoque
1094 878 1312 932 similis
1332 875 1544 942 stabat,
1568 890 1679 945 per
1695 877 1915 927 metum
1935 873 2112 927 etiam

161 971 297 1011 voce
338 974 689 1030 suppressa,
732 963 1114 1034 tandemque,
1164 967 1373 1020 eodem
1418 968 1576 1018 metu
1619 963 1986 1027 stimulante,
2037 977 2112 1015 ne

161 1048 312 1117 regis
346 1049 845 1118 exspectationem
883 1058 1208 1108 moraretur
1242 1073 1255 1108 ς
1299 1074 1325 1106 α
1358 1054 1578 1124 Magni,
1612 1053 1822 1122 inquit,
1865 1050 2107 1116 laboriS,

162 1149 273 1189 non
327 1137 482 1192 irriti
533 1139 854 1196 discrimen
911 1143 1134 1199 instare
1179 1144 1428 1214 praedixi
1471 1160 1484 1196 ε
1533 1159 1642 1196 nec
1679 1158 1774 1195 me
1828 1157 1929 1194 ars
1981 1155 2110 1193 mea

163 1240 327 1295 quarn
345 1228 384 1254 ²³
405 1228 812 1285 benevolentia
839 1234 1157 1301 perturbat.
1182 1233 1586 1287 Infirmitatem
1609 1230 1965 1285 valetudinis
1992 1232 2107 1283 tuae

161 1313 344 1382 video,
380 1318 454 1383 et,
489 1323 764 1387 quantum
795 1320 859 1373 in
897 1337 1015 1390 uno
1054 1321 1111 1375 te
1154 1323 1252 1388 sit,
1285 1323 1430 1375 scio.
1462 1321 1678 1374 Vereor
1716 1334 1791 1372 ne
1829 1317 2109 1389 praesenti

161 1402 396 1459 fortunae
428 1404 586 1478 [tuae]
617 1407 890 1463 sufficere
934 1426 1054 1464 non
1092 1412 1317 1481 possis,
1356 1434 1377 1459 η
1414 1410 1540 1464 Rex
1579 1408 1766 1479 jussit
1807 1422 1942 1461 eum
1970 1422 2109 1460 cen-

78 1523 81 1524 ν
163 1489 328 1548 fidere
370 1494 636 1550 felicitati
680 1513 842 1554 suae:
877 1498 947 1551 ad
980 1500 1091 1552 alia
1131 1499 1285 1565 aliie,
1318 1500 1435 1553 sibi
1472 1497 1544 1551 ad
1591 1496 1846 1567 gloriam
1888 1511 2106 1550 conce-

163 1580 288 1637 dere
325 1584 488 1640 deos,
521 1584 889 1641 Consultanti
920 1587 1055 1642 inde
1086 1603 1219 1643 cum
1253 1588 1468 1642 iisdem
1500 1601 1755 1659 quonam
1785 1586 1953 1639 modo
1992 1584 2105 1638 flu-

163 1683 285 1724 men
327 1673 669 1741 transirent,
712 1678 1055 1745 supervenit
1093 1678 1460 1743 Aristander,
1504 1693 1622 1729 non
1681 1675 1830 1729 alias
1879 1674 2107 1728 laetiora

163 1761 281 1813 exta
318 1762 540 1817 vidisse
569 1779 632 1817 se
669 1762 988 1834 affirmanS,
1020 1768 1221 1836 utique
1270 1766 1574 1836 prioribus
1604 1766 1778 1836 longe
1825 1763 2103 1817 diversax

162 1854 269 1900 tum
296 1848 711 1906 sollicitudinis
731 1868 943 1908 causas
975 1856 1350 1924 apparuisse,
1382 1871 1540 1909 nunc
1580 1869 1829 1924 prorsus
1859 1852 2105 1922 egregie

159 1933 368 1992 litatum
380 1938 421 1965 ²⁶
448 1954 605 1997 esse.
1220 1963 1225 1966 ·

223 2023 507 2096 Ceterum,
541 2046 671 2100 quae
701 2031 955 2087 subinde
985 2033 1246 2088 nuntiata
1278 2037 1416 2087 sunt
1445 2033 1591 2105 regi,
1634 2032 1929 2086 continuae
1964 2031 2095 2086 feli-

163 2112 304 2168 citati
318 2132 516 2171 rerum
528 2119 658 2190 ejus
676 2120 1084 2191 imposuerant
1103 2123 1315 2178 labem.
1339 2121 1766 2185 Menedemum,
1789 2123 1850 2173 ut
1872 2121 2103 2189 supra²⁷

165 2199 357 2257 dictum
385 2209 495 2273 est,
538 2208 780 2262 miserat
810 2210 881 2262 acl
919 2209 1307 2267 obsidendum
1336 2209 1737 2278 Spitamenen,
1758 2209 2098 2279 ‚Bactrianae

78 2360 81 2363 Ι
165 2287 487 2349 desectionis
531 2294 899 2352 auctorem²⁸.
949 2299 1079 2365 Qui,
1139 2303 1437 2369 comperto
1475 2297 1669 2351 hostis
1708 2286 1980 2364 adventu,
2029 2314 2101 2350 ne

78 2428 81 2457 ,Ι
164 2381 329 2434 muris
359 2383 528 2436 urbis
557 2385 974 2454 includeretur,
1009 2387 1184 2440 simul
1215 2375 1454 2440 fretus²⁰
1482 2385 1676 2455 excipi
1708 2384 1951 2454 pc›sse³⁰‚
1987 2401 2102 2455 qua

166 2472 456 2525 venturum
503 2474 745 2540 sciebat,
800 2476 1065 2531 consedit
1113 2477 1402 2531 occultus
1442 2475 1729 2530 Silvestre
1760 2474 1874 2528 iter
1905 2480 2099 2544 aptum

78 2606 81 2633 ξ
165 2551 378 2614 insidiis
408 2564 685 2633 tegendis
733 2569 856 2618 erat
883 2580 895 2617 :
927 2565 1012 2623 ibi
1057 2564 1254 2643 Dahas
1288 2564 1567 2618 condidit.
1608 2563 1759 2633 Equi
1791 2563 1966 2616 binos
1996 2580 2098 2616 ar-

78 2672 81 2679 ·
165 2650 331 2701 matos
359 2651 608 2706 vehunt:
663 2669 912 2722 quorum
960 2654 1215 2708 invicem
1266 2652 1491 2723 singuli
1521 2658 1762 2721 repente
1794 2651 2095 2718 desiliunt,

78 2808 79 2813 ἵ
166 2739 433 2802 equestris
462 2755 678 2811 pugnae
723 2742 988 2796 ordinem
1028 2743 1285 2797 turbant.
1322 2741 1626 2812 Equorum
1660 2740 1954 2793 velocitati
1992 2758 2099 2810 par

167 2825 238 2874 est
262 2823 559 2883 hominum
590 2831 929 2899 pernicitas,
964 2831 1089 2885 Hos
1117 2830 1507 2902 SpitameneS,
1543 2827 1754 2882 saltum
1786 2829 2097 2884 circumire

204 3063 268 3111 25.
297 3071 469 3112 Devant
487 3080 627 3124 quam,
648 3080 760 3114 5.·6.
789 3069 950 3124 mauis.

204 3125 264 3171 26.
306 3131 518 3181 Litatum,
568 3133 690 3183 ¹C'est
731 3132 1035 3187 l’expression
1074 3129 1477 3183 consacreeypour
1506 3128 1607 3173 dire
1646 3140 1736 3184 que
1774 3131 1847 3174 les
1877 3132 2097 3185 presagcs

165 3194 248 3231 sont
274 3191 385 3236 bons
414 3201 577 3249 etque
619 3195 662 3237 16
691 3195 897 3237 sacrifice
939 3199 1050 3250 peut
1096 3191 1400 3245 s'accomplir.
1432 3207 1459 3235 α
1486 3186 1701 3246 Auspicia
1748 3194 1936 3237 secunda
1983 3206 2094 3247 esse,

165 3245 384 3350 {cremina
441 3256 664 3310 pullarius
725 3257 920 3301 nuntiat.
991 3256 1185 3300 Litatum
1253 3259 1477 3308 preterea
1529 3258 1602 3299 est
1666 3257 1862 3309 eqreqie.
1908 3272 1934 3297 2>
1983 3257 2095 3309 (Tite

191 3312 264 3363 ive,
288 3318 356 3369 x1,
382 3322 465 3373 14).

207 3373 266 3418 27.
294 3377 441 3435 Supra,
464 3385 552 3435 vn,
580 3395 641 3437 vt,
669 3383 742 3426 24.

209 3435 268 3481 28.
302 3443 540 3489 Auctorem.
569 3448 658 3488 Sur
686 3457 738 3488 ce
760 3451 867 3496 mot,
897 3446 961 3488 οἲ.
998 3448 1066 3495 tv,
1093 3454 1165 3491 ιιι,
1197 3445 1304 3483 note
1335 3442 1403 3485 29.

208 3498 269 3542 29.
293 3502 458 3559 Fratue,
483 3507 670 3561 appuye
691 3519 773 3551 sur
793 3508 906 3561 ceci,
937 3512 1069 3561 ayant
1089 3503 1328 3549 conflance
1351 3516 1464 3558 que.

215 3560 279 3606 ³0.
306 3564 448 3622 Posse,
475 3570 635 3622 ellipse
653 3571 717 3613 du
741 3570 860 3625 suiet
880 3570 1066 3614 hostem.

1783 3672 1787 3677 ·
1852 3659 1934 3706 14.

2159 2021 2232 2076 30

2158 2110 2220 2163 31

2157 2733 2226 2787 33
