2517 3975
183 334 248 391 18

302 213 371 271 62
1067 201 1119 274 o.
1161 230 1334 268 cun‘rx
1371 228 1507 266 num

302 333 521 390 milites
568 334 828 390 trahere.
866 334 1075 407 Neque
1105 336 1264 390 enim
1310 336 1588 389 conserta
1616 331 1856 404 navigia
1895 331 2015 385 ulla
2065 344 2178 398 ope
2210 331 2274 384 in

304 422 586 477 turbido'¹
621 424 756 494 regi
796 425 1069 494 poterant
1111 441 1125 478 ε
1179 423 1407 477 miles²⁸
1436 422 1771 477 ministeria
1817 424 2150 486 nautarum,
2185 434 2276 475 re-

304 528 439 566 mex
469 512 674 567 militis
697 512 891 567 officia
911 513 1215 580 turbabat,
1250 515 1324 583 et,
1358 512 1516 583 quod
1544 512 1607 565 in
1632 510 1931 582 ejusmodi
1958 525 2101 564 casu
2122 509 2276 563 acci-

306 601 409 666 dit,
438 600 613 670 periti
636 601 867 671 ignaris
897 602 1183 672 parebant
1206 618 1221 656 :
1244 601 1460 671 quippe
1491 600 1947 671 gubernatores»,
1978 597 2130 651 alias
2156 597 2277 650 im-

305 704 515 759 perare
543 690 724 757 soliti,
754 694 880 744 tum
899 693 1053 745 metu
1075 689 1282 744 mortis
1298 689 1469 761 jussa
1488 688 1990 759 exsequebantur.
2012 685 2280 740 Tandem

306 779 491 834 remis
534 779 897 849 pertinacius
943 778 1411 834 everberatum²⁴
1456 793 1620 832 mare
1657 776 1841 832 veluti
1886 774 2280 844 eripientibus
2339 815 2348 826 .

306 868 547 939 navigia
583 868 856 923 classicis
885 869 1087 935 cessit,
1113 869 1480 940 appulsaque
1510 871 1648 923 sunt
1676 865 1861 921 littori
1892 864 2145 919 lacerata
2166 864 2286 935 ple·

243 989 246 995 ι
307 971 511 1027 raque.

187 1045 254 1101 19

187 1311 257 1367 20

191 1844 255 1898 21

191 2201 261 2255 22

382 1044 576 1099 Isdem
610 1044 763 1100 forte
793 1045 1025 1114 diebuS,
1058 1045 1646 1118 Carthaginiensium
1683 1045 1865 1117 legati
1899 1061 2024 1097 xxx
2061 1056 2283 1111 super-

309 1132 576 1197 veniunt,
606 1134 803 1206 magis
834 1133 1106 1189 obsessis
1138 1135 1426 1189 solacium
1456 1149 1628 1204 quam
1677 1133 1965 1187 auxilium
2005 1148 2021 1185 ε
2064 1129 2282 1200 quippe

312 1220 634 1277 domestico
665 1223 819 1277 bello
851 1224 1070 1278 Poenos
1112 1222 1406 1294 impediri,
1450 1239 1559 1277 nec
1601 1222 1671 1277 de
1708 1222 1983 1293 imperio,
2014 1218 2121 1274 sed
2168 1232 2282 1287 pro

314 1310 501 1365 salute
541 1310 820 1366 dimicare
861 1310 1231 1366 nuntiabant.
1266 1311 1627 1381 Syracusani
1675 1313 1798 1364 tum
1838 1307 2097 1363 Africam
2136 1320 2287 1359 ure-

312 1399 524 1465 bant²⁸,
559 1403 616 1455 et
645 1399 801 1454 haud
829 1400 1035 1471 procul
1066 1399 1444 1472 Carthaginis
1472 1400 1661 1454 muris
1691 1399 2032 1453 locaverant
2060 1401 2281 1450 castra.

313 1488 447 1542 Non
466 1492 663 1544 tamen
682 1488 947 1545 defecere
975 1489 1186 1543 animis
1214 1489 1396 1559 Tyrii,
1429 1504 1783 1559 quamquam
1812 1487 1884 1541 ab
1914 1485 2141 1555 ingenti
2172 1499 2283 1555 spe

314 1576 580 1631 destituti
621 1581 809 1641 erant,
841 1578 945 1631 sed
983 1578 1275 1648 conjuges
1319 1577 1663 1650 liberosque
1707 1576 2088 1632 devehendos
2133 1570 2281 1627 Car-

312 1660 616 1731 thaginem
641 1660 1026 1728 tradiderunt,
1059 1662 1295 1731 fortiuS‚
1326 1662 1612 1734 quidquid
1643 1660 1960 1729 accideret,
1994 1658 2195 1730 laturi,
2227 1658 2283 1712 si

315 1749 688 1803 carissimam
719 1750 815 1804 sui
844 1753 1074 1819 partem
1104 1754 1272 1805 extra
1300 1755 1524 1807 sortem
1554 1751 1805 1821 periculi
1834 1749 2166 1806 communis
2190 1748 2289 1802 ha-

314 1836 611 1892 buissent.-
640 1836 902 1909 Cumque
950 1854 1105 1893 unus
1144 1854 1177 1894 e
1233 1839 1472 1895 civibus
1519 1841 1583 1894 in
1629 1840 1906 1896 contione
1954 1838 2284 1893 indicasset

317 1925 571 1982 oblatam
607 1939 745 1981 esse
799 1940 909 1997 per
954 1942 1230 1982 somnum
1268 1928 1388 1983 sibi
1435 1928 1694 1999 speciem
1742 1927 2062 1999 Apollinis,
2106 1940 2323 1997 quem,

317 2016 533 2072 eximia
560 2016 856 2087 religione
882 2017 1149 2073 colerent
1163 2018 1224 2085 ²⁶,
1266 2019 1476 2072 urbem
1505 2017 1856 2083 deserentiS,
1887 2017 2222 2086 molemque
2253 2031 2286 2067 a

314 2105 736 2161 Macedonibus
765 2105 828 2159 in
857 2106 984 2162 salo
1011 2107 1230 2178 jactam
1257 2108 1322 2162 iu
1350 2106 1684 2162 silvestrem
1718 2107 1935 2161 saltum
1970 2119 2108 2160 esse
2146 2119 2289 2157 mu-

316 2197 494 2250 tatam
516 2211 897 2266 :quamquam
918 2199 1123 2250 auctor
1140 2196 1297 2250 levis
1326 2198 1478 2263 erat,
1517 2197 1714 2250 tamen
1742 2196 1815 2249 ad
1844 2194 2141 2250 deteriora
2160 2209 2287 2247 cre-

316 2283 508 2340 denda
551 2286 727 2355 proni
782 2287 941 2339 metu
986 2300 1168 2339 aurea
1232 2288 1440 2339 catena
1496 2284 1820 2339 devinxere
1876 2283 2286 2353 simulacrum,

317 2388 554 2443 araeque
600 2374 899 2439 HerculiS,
945 2373 1120 2444 cujus
1166 2374 1394 2427 numini
1444 2374 1653 2428 urbem
1699 2372 2066 2443 dicaverant,
2117 2372 2290 2426 inse-

320 2475 495 2515 ruere
557 2462 889 2526 vinculum‚
956 2461 1129 2532 quasi
1182 2461 1285 2517 illo
1344 2462 1452 2517 deo
1499 2462 1839 2532 Apollinem
1888 2463 2193 2516 retenturo
2224 2461 2286 2515 ²⁷.

319 2548 634 2618 Syracusis
662 2550 721 2603 id
737 2550 1121 2604 simulacrum
1149 2550 1506 2604 devexerant
1536 2550 1725 2620 Poeni,
1748 2552 1807 2604 et
1840 2549 1903 2603 in
1936 2549 2164 2620 maiore
2202 2548 2291 2603 lo-

322 2641 600 2691 caverant
633 2638 892 2707 patria²⁸‚
925 2639 1247 2709 multisque
1296 2638 1432 2693 aliis
1473 2638 1686 2709 spoliis
1740 2637 1980 2692 urbium
2018 2655 2053 2691 a
2098 2642 2289 2693 semet

320 2730 622 2796 captarum
651 2743 766 2781 non
782 2726 1198 2799 Carthaginem
1227 2729 1423 2800 magis
1452 2742 1626 2797 quam
1646 2728 1868 2798 Tyrum
1897 2731 2286 2789 ornaverant.

371 2866 445 2910 22.
478 2865 532 2910 1η
550 2865 737 2919 turbido,
763 2869 1097 2914 sous-entendu
1121 2868 1256 2912 mari.

371 2930 448 2975 23.
479 2929 626 2983 Miles,
643 2939 808 2976 remex.
834 2932 922 2974 Sur
940 2941 995 2975 ce
1015 2931 1241 2987 singulier
1269 2929 1490 2976 collectif.
1524 2930 1597 2976 Cf.
1622 2933 1699 2983 ΙΙΙ,
1725 2940 1757 2985 ι,
1784 2935 1894 2973 note
1919 2931 1969 2975 3.

373 2992 449 3038 21.
480 2992 794 3036 Everberatum
817 2992 932 3037 n’est
951 3006 1034 3049 pas
1055 2995 1113 3038 de
1130 2994 1344 3049 l'epoque
1370 2993 1633 3048 classique.

373 3055 446 3098 25.
481 3053 747 3109 Syracusani
774 3055 970 3109 Africam
1006 3058 1206 3102 urebant.
1231 3072 1257 3096 «
1286 3060 1357 3101 on
1392 3066 1452 3099 ne
1481 3063 1646 3100 trouve
1691 3054 1821 3100 nulle
1858 3058 1967 3110 part
1994 3056 2042 3097 la
2079 3053 2294 3098 moindre

322 3123 449 3161 trace
478 3117 614 3161 d’une
635 3116 826 3171 pareille
853 3119 1092 3173 agression
1118 3120 1199 3164 des
1228 3119 1525 3174 Syracusains
1561 3130 1642 3162 sur
1670 3120 1713 3161 la
1736 3119 1839 3162 cote
1867 3116 2108 3170 africaine‚
2145 3121 2212 3170 et,
2233 3127 2296 3159 vu

323 3180 447 3223 l'etat
484 3177 547 3223 ou
572 3191 623 3223 se
651 3179 917 3224 trouvaient
957 3182 1078 3226 alors
1115 3185 1340 3235 Syracuse
1372 3185 1421 3225 et
1443 3183 1488 3224 la
1522 3180 1679 3236 sicile,
1708 3182 1802 3226 elle
1837 3185 1910 3225 est
1945 3190 2039 3234 peu
2063 3179 2299 3222 vraisem·

324 3242 519 3286 blable»
538 3242 764 3297 (Droysen,
792 3245 828 3297 1,
854 3243 972 3298 283).
997 3267 1051 3276 -
1078 3244 1307 3299 Syracuse,
1347 3244 1391 3287 la
1420 3243 1649 3299 premiere
1686 3244 1796 3289 ville
1823 3245 1881 3289 de
1911 3244 1958 3287 la
1985 3240 2143 3295 Sicile‚
2176 3240 2295 3285 dans

322 3305 367 3349 la
385 3305 532 3359 partie
557 3303 854 3350 meridionale
876 3305 933 3349 de
952 3307 998 3350 la
1024 3308 1126 3351 cote
1149 3317 1242 3351 est.

376 3369 449 3413 26.
480 3367 700 3420 colerent,
730 3368 773 3412 le
794 3367 1051 3423 sublonctif
1067 3367 1095 3412 ὲ
1122 3380 1260 3413 cause
1280 3369 1343 3413 du
1373 3368 1495 3422 style
1514 3369 1732 3416 indirect.
1840 3393 1849 3405 ·

375 3431 450 3474 27.
483 3431 746 3475 Retenturo.
779 3429 994 3475 L'ablatif
1028 3431 1195 3475 absolu
1227 3432 1290 3475 du
1317 3431 1545 3486 participe
1576 3431 1703 3475 futur
1749 3442 1808 3475 ne
1845 3441 1896 3475 se
1925 3436 2096 3475 trouve
2149 3428 2295 3484 guere

324 3492 430 3548 qu'a
449 3493 594 3547 partit
617 3493 675 3537 de
700 3492 799 3536 Tite
820 3493 948 3536 Live-

377 3557 449 3601 28.
485 3557 649 3609 Major-e
670 3555 836 3611 patrm,
860 3554 903 3598 la
928 3553 1197 3608 metropole.
