<?xml version="1.0" encoding="UTF-8"?>
<!DOCTYPE html PUBLIC "-//W3C//DTD XHTML 1.0 Transitional//EN"
    "http://www.w3.org/TR/xhtml1/DTD/xhtml1-transitional.dtd">
<html xmlns="http://www.w3.org/1999/xhtml" xml:lang="en" lang="en">
 <head>
  <title>
</title>
<meta http-equiv="Content-Type" content="text/html;charset=utf-8" />
  <meta name='ocr-system' content='tesseract 3.04.00' />
  <meta name='ocr-capabilities' content='ocr_page ocr_carea ocr_par ocr_line ocrx_word'/>
</head>
<body>
  <div class='ocr_page' id='page_1' title='image "./qcurtirufihisto00brelgoog_0068.png"; bbox 0 0 2517 3975; ppageno 0'>
   <div class='ocr_carea' id='block_1_1' title="bbox 232 584 302 641">
    <p class='ocr_par' dir='ltr' id='par_1_1' title="bbox 232 584 302 641">
     <span class='ocr_line' id='line_1_1' title="bbox 232 584 302 641; baseline 0 0"><span class='ocrx_word' id='word_1_1' title='bbox 232 584 302 641; x_wconf 80' lang='lat'>13</span> 
     </span>
    </p>
   </div>
   <div class='ocr_carea' id='block_1_2' title="bbox 231 939 298 994">
    <p class='ocr_par' dir='ltr' id='par_1_2' title="bbox 231 939 298 994">
     <span class='ocr_line' id='line_1_2' title="bbox 231 939 298 994; baseline 0 0"><span class='ocrx_word' id='word_1_2' title='bbox 231 939 298 994; x_wconf 81' lang='lat'>19</span> 
     </span>
    </p>
   </div>
   <div class='ocr_carea' id='block_1_3' title="bbox 229 1205 299 1259">
    <p class='ocr_par' dir='ltr' id='par_1_3' title="bbox 229 1205 299 1259">
     <span class='ocr_line' id='line_1_3' title="bbox 229 1205 299 1259; baseline 0.014 -1"><span class='ocrx_word' id='word_1_3' title='bbox 229 1205 299 1259; x_wconf 76' lang='lat'>20</span> 
     </span>
    </p>
   </div>
   <div class='ocr_carea' id='block_1_4' title="bbox 227 1473 290 1526">
    <p class='ocr_par' dir='ltr' id='par_1_4' title="bbox 227 1473 290 1526">
     <span class='ocr_line' id='line_1_4' title="bbox 227 1473 290 1526; baseline 0 0"><span class='ocrx_word' id='word_1_4' title='bbox 227 1473 290 1526; x_wconf 76' lang='lat'>21</span> 
     </span>
    </p>
   </div>
   <div class='ocr_carea' id='block_1_5' title="bbox 225 1739 296 1795">
    <p class='ocr_par' dir='ltr' id='par_1_5' title="bbox 225 1739 296 1795">
     <span class='ocr_line' id='line_1_5' title="bbox 225 1739 296 1795; baseline -0.014 0"><span class='ocrx_word' id='word_1_5' title='bbox 225 1739 296 1795; x_wconf 72' lang='lat'>22</span> 
     </span>
    </p>
   </div>
   <div class='ocr_carea' id='block_1_6' title="bbox 225 2006 295 2062">
    <p class='ocr_par' dir='ltr' id='par_1_6' title="bbox 225 2006 295 2062">
     <span class='ocr_line' id='line_1_6' title="bbox 225 2006 295 2062; baseline 0 0"><span class='ocrx_word' id='word_1_6' title='bbox 225 2006 295 2062; x_wconf 73' lang='lat'>23</span> 
     </span>
    </p>
   </div>
   <div class='ocr_carea' id='block_1_7' title="bbox 224 2187 293 2242">
    <p class='ocr_par' dir='ltr' id='par_1_7' title="bbox 224 2187 293 2242">
     <span class='ocr_line' id='line_1_7' title="bbox 224 2187 293 2242; baseline 0 0"><span class='ocrx_word' id='word_1_7' title='bbox 224 2187 293 2242; x_wconf 75' lang='lat'>24</span> 
     </span>
    </p>
   </div>
   <div class='ocr_carea' id='block_1_8' title="bbox 225 2544 294 2598">
    <p class='ocr_par' dir='ltr' id='par_1_8' title="bbox 225 2544 294 2598">
     <span class='ocr_line' id='line_1_8' title="bbox 225 2544 294 2598; baseline -0.014 0"><span class='ocrx_word' id='word_1_8' title='bbox 225 2544 294 2598; x_wconf 75' lang='lat'>25</span> 
     </span>
    </p>
   </div>
   <div class='ocr_carea' id='block_1_9' title="bbox 357 194 1557 254">
    <p class='ocr_par' dir='ltr' id='par_1_9' title="bbox 357 194 1557 254">
     <span class='ocr_line' id='line_1_9' title="bbox 357 194 1557 254; baseline -0.002 -5"><span class='ocrx_word' id='word_1_9' title='bbox 357 194 426 249; x_wconf 77' lang='lat'>44</span> <span class='ocrx_word' id='word_1_10' title='bbox 1116 211 1169 254; x_wconf 87' lang='lat' dir='ltr'>Q.</span> <span class='ocrx_word' id='word_1_11' title='bbox 1210 210 1382 248; x_wconf 73' lang='lat' dir='ltr'>Gun&#39;rt</span> <span class='ocrx_word' id='word_1_12' title='bbox 1421 211 1557 248; x_wconf 73' lang='lat' dir='ltr'>num</span> 
     </span>
    </p>
   </div>
   <div class='ocr_carea' id='block_1_10' title="bbox 348 315 2331 2957">
    <p class='ocr_par' dir='ltr' id='par_1_10' title="bbox 356 315 2331 566">
     <span class='ocr_line' id='line_1_10' title="bbox 360 315 2328 387; baseline 0 -14"><span class='ocrx_word' id='word_1_13' title='bbox 360 318 637 373; x_wconf 87' lang='lat' dir='ltr'>advoluta</span> <span class='ocrx_word' id='word_1_14' title='bbox 681 319 770 372; x_wconf 83' lang='lat' dir='ltr'>est</span> <span class='ocrx_word' id='word_1_15' title='bbox 810 317 1066 387; x_wconf 88' lang='lat' dir='ltr'>pedibus</span> <span class='ocrx_word' id='word_1_16' title='bbox 1115 315 1269 387; x_wconf 82' lang='lat' dir='ltr'>ejuS,</span> <span class='ocrx_word' id='word_1_17' title='bbox 1319 316 1759 387; x_wconf 82' lang='lat' dir='ltr'>ignorationem</span> <span class='ocrx_word' id='word_1_18' title='bbox 1798 331 2122 386; x_wconf 59' lang='lat' dir='ltr'>numquam</span> <span class='ocrx_word' id='word_1_19' title='bbox 2150 319 2328 373; x_wconf 89' lang='lat' dir='ltr'>antea</span> 
     </span>
     <span class='ocr_line' id='line_1_11' title="bbox 357 403 2331 479; baseline 0 -19"><span class='ocrx_word' id='word_1_20' title='bbox 357 408 476 461; x_wconf 79' lang='lat' dir='ltr'>visi</span> <span class='ocrx_word' id='word_1_21' title='bbox 503 406 725 479; x_wconf 81' lang='lat' dir='ltr'>regis¹⁶</span> <span class='ocrx_word' id='word_1_22' title='bbox 756 422 1069 461; x_wconf 80' lang='lat' dir='ltr'>excusanS.</span> <span class='ocrx_word' id='word_1_23' title='bbox 1103 403 1290 470; x_wconf 86' lang='lat' dir='ltr'>Quam</span> <span class='ocrx_word' id='word_1_24' title='bbox 1321 422 1498 460; x_wconf 90' lang='lat' dir='ltr'>manu</span> <span class='ocrx_word' id='word_1_25' title='bbox 1530 406 1792 461; x_wconf 84' lang='lat' dir='ltr'>allevans</span> <span class='ocrx_word' id='word_1_26' title='bbox 1819 420 1961 460; x_wconf 84' lang='lat' dir='ltr'>rex:</span> <span class='ocrx_word' id='word_1_27' title='bbox 2000 425 2025 457; x_wconf 81' lang='grc' dir='ltr'><strong>α</strong></span> <span class='ocrx_word' id='word_1_28' title='bbox 2058 406 2193 462; x_wconf 81' lang='lat' dir='ltr'>Non</span> <span class='ocrx_word' id='word_1_29' title='bbox 2224 421 2331 461; x_wconf 83' lang='lat' dir='ltr'>er·-</span> 
     </span>
     <span class='ocr_line' id='line_1_12' title="bbox 356 494 1937 566; baseline -0.002 -17"><span class='ocrx_word' id='word_1_30' title='bbox 356 496 522 563; x_wconf 87' lang='lat' dir='ltr'>rasti,</span> <span class='ocrx_word' id='word_1_31' title='bbox 554 496 765 566; x_wconf 89' lang='lat' dir='ltr'>inquit,</span> <span class='ocrx_word' id='word_1_32' title='bbox 801 498 1006 562; x_wconf 89' lang='lat' dir='ltr'>mater,</span> <span class='ocrx_word' id='word_1_33' title='bbox 1039 510 1176 548; x_wconf 88' lang='lat' dir='ltr'>nam</span> <span class='ocrx_word' id='word_1_34' title='bbox 1202 499 1259 550; x_wconf 88' lang='lat' dir='ltr'>et</span> <span class='ocrx_word' id='word_1_35' title='bbox 1290 494 1388 550; x_wconf 85' lang='lat' dir='ltr'>hio</span> <span class='ocrx_word' id='word_1_36' title='bbox 1414 494 1751 550; x_wconf 82' lang='lat' dir='ltr'><strong>Alexander</strong></span> <span class='ocrx_word' id='word_1_37' title='bbox 1781 499 1937 549; x_wconf 90' lang='lat' dir='ltr'>est.»</span> 
     </span>
    </p>

    <p class='ocr_par' dir='ltr' id='par_1_11' title="bbox 350 584 2331 1613">
     <span class='ocr_line' id='line_1_13' title="bbox 429 584 2313 655; baseline 0.001 -17"><span class='ocrx_word' id='word_1_38' title='bbox 429 585 717 655; x_wconf 81' lang='lat' dir='ltr'>Equidem</span> <span class='ocrx_word' id='word_1_39' title='bbox 748 586 854 639; x_wconf 88' lang='lat' dir='ltr'>hac</span> <span class='ocrx_word' id='word_1_40' title='bbox 885 584 1247 642; x_wconf 81' lang='lat' dir='ltr'>continentia</span> <span class='ocrx_word' id='word_1_41' title='bbox 1278 584 1459 638; x_wconf 87' lang='lat' dir='ltr'>animi</span> <span class='ocrx_word' id='word_1_42' title='bbox 1482 584 1535 638; x_wconf 89' lang='lat' dir='ltr'>si</span> <span class='ocrx_word' id='word_1_43' title='bbox 1564 585 1636 638; x_wconf 90' lang='lat' dir='ltr'>ad</span> <span class='ocrx_word' id='word_1_44' title='bbox 1664 584 1936 638; x_wconf 89' lang='lat' dir='ltr'>ultimum</span> <span class='ocrx_word' id='word_1_45' title='bbox 1959 586 2097 639; x_wconf 87' lang='lat' dir='ltr'>vitae</span> <span class='ocrx_word' id='word_1_46' title='bbox 2125 599 2313 655; x_wconf 90' lang='lat' dir='ltr'>perse</span> 
     </span>
     <span class='ocr_line' id='line_1_14' title="bbox 353 670 2331 742; baseline 0.002 -18"><span class='ocrx_word' id='word_1_47' title='bbox 353 687 563 727; x_wconf 84' lang='lat' dir='ltr'>verare</span> <span class='ocrx_word' id='word_1_48' title='bbox 610 672 922 742; x_wconf 88' lang='lat' dir='ltr'>potuisset,</span> <span class='ocrx_word' id='word_1_49' title='bbox 967 670 1297 725; x_wconf 81' lang='lat' dir='ltr'>feliciorem</span> <span class='ocrx_word' id='word_1_50' title='bbox 1340 670 1528 725; x_wconf 87' lang='lat' dir='ltr'>fuisse</span> <span class='ocrx_word' id='word_1_51' title='bbox 1574 670 1898 735; x_wconf 77' lang='lat' dir='ltr'>crederem,</span> <span class='ocrx_word' id='word_1_52' title='bbox 1932 686 2106 741; x_wconf 89' lang='lat' dir='ltr'>quam</span> <span class='ocrx_word' id='word_1_53' title='bbox 2151 672 2331 727; x_wconf 81' lang='lat' dir='ltr'>visus</span> 
     </span>
     <span class='ocr_line' id='line_1_15' title="bbox 356 760 2329 831; baseline -0.001 -15"><span class='ocrx_word' id='word_1_54' title='bbox 356 762 446 816; x_wconf 89' lang='lat' dir='ltr'>est</span> <span class='ocrx_word' id='word_1_55' title='bbox 474 777 628 828; x_wconf 87' lang='lat' dir='ltr'>esse,</span> <span class='ocrx_word' id='word_1_56' title='bbox 670 776 802 815; x_wconf 90' lang='lat' dir='ltr'>cum</span> <span class='ocrx_word' id='word_1_57' title='bbox 850 760 1051 814; x_wconf 85' lang='lat' dir='ltr'>Liberi</span> <span class='ocrx_word' id='word_1_58' title='bbox 1079 760 1270 829; x_wconf 82' lang='lat' dir='ltr'>patris</span> <span class='ocrx_word' id='word_1_59' title='bbox 1301 760 1689 815; x_wconf 88' lang='lat' dir='ltr'>imitaretur¹⁷</span> <span class='ocrx_word' id='word_1_60' title='bbox 1720 760 2101 831; x_wconf 86' lang='lat' dir='ltr'>triumphum,</span> <span class='ocrx_word' id='word_1_61' title='bbox 2136 776 2329 830; x_wconf 90' lang='lat' dir='ltr'>usque</span> 
     </span>
     <span class='ocr_line' id='line_1_16' title="bbox 355 846 2329 918; baseline -0.003 -13"><span class='ocrx_word' id='word_1_62' title='bbox 355 849 427 905; x_wconf 89' lang='lat' dir='ltr'>ab</span> <span class='ocrx_word' id='word_1_63' title='bbox 459 849 847 918; x_wconf 73' lang='lat' dir='ltr'>Hellesponto</span> <span class='ocrx_word' id='word_1_64' title='bbox 876 846 946 901; x_wconf 87' lang='lat' dir='ltr'>ad</span> <span class='ocrx_word' id='word_1_65' title='bbox 977 846 1273 901; x_wconf 79' lang='lat' dir='ltr'>Oceanum</span> <span class='ocrx_word' id='word_1_66' title='bbox 1321 863 1530 903; x_wconf 88' lang='lat' dir='ltr'>omnes</span> <span class='ocrx_word' id='word_1_67' title='bbox 1576 851 1789 918; x_wconf 85' lang='lat' dir='ltr'>gentes</span> <span class='ocrx_word' id='word_1_68' title='bbox 1836 848 2082 902; x_wconf 84' lang='lat' dir='ltr'>victoria</span> <span class='ocrx_word' id='word_1_69' title='bbox 2125 862 2329 902; x_wconf 90' lang='lat' dir='ltr'>emen-</span> 
     </span>
     <span class='ocr_line' id='line_1_17' title="bbox 356 934 2328 1007; baseline -0.001 -16"><span class='ocrx_word' id='word_1_70' title='bbox 356 953 489 993; x_wconf 77' lang='lat' dir='ltr'>sus·</span> <span class='ocrx_word' id='word_1_71' title='bbox 527 936 625 991; x_wconf 85' lang='lat' dir='ltr'>Sic</span> <span class='ocrx_word' id='word_1_72' title='bbox 653 937 896 992; x_wconf 84' lang='lat' dir='ltr'>vicisset</span> <span class='ocrx_word' id='word_1_73' title='bbox 924 934 1182 1005; x_wconf 86' lang='lat' dir='ltr'>profecto</span> <span class='ocrx_word' id='word_1_74' title='bbox 1224 936 1571 1007; x_wconf 80' lang='lat' dir='ltr'>superbiam</span> <span class='ocrx_word' id='word_1_75' title='bbox 1610 939 1783 1006; x_wconf 86' lang='lat' dir='ltr'>atque</span> <span class='ocrx_word' id='word_1_76' title='bbox 1826 936 1993 1004; x_wconf 87' lang='lat' dir='ltr'>iram,</span> <span class='ocrx_word' id='word_1_77' title='bbox 2042 935 2198 990; x_wconf 90' lang='lat' dir='ltr'>mala</span> <span class='ocrx_word' id='word_1_78' title='bbox 2227 938 2328 990; x_wconf 88' lang='lat' dir='ltr'>in-</span> 
     </span>
     <span class='ocr_line' id='line_1_18' title="bbox 355 1024 2322 1094; baseline -0.001 -15"><span class='ocrx_word' id='word_1_79' title='bbox 355 1026 509 1079; x_wconf 83' lang='lat' dir='ltr'>victa</span> <span class='ocrx_word' id='word_1_80' title='bbox 560 1039 572 1078; x_wconf 91' lang='lat'>:</span> <span class='ocrx_word' id='word_1_81' title='bbox 632 1025 719 1079; x_wconf 90' lang='lat' dir='ltr'>sic</span> <span class='ocrx_word' id='word_1_82' title='bbox 761 1025 1151 1079; x_wconf 81' lang='lat' dir='ltr'>abstinuisset</span> <span class='ocrx_word' id='word_1_83' title='bbox 1194 1025 1351 1079; x_wconf 88' lang='lat' dir='ltr'>inter</span> <span class='ocrx_word' id='word_1_84' title='bbox 1396 1024 1600 1094; x_wconf 84' lang='lat' dir='ltr'>epulae</span> <span class='ocrx_word' id='word_1_85' title='bbox 1648 1024 1915 1080; x_wconf 84' lang='lat' dir='ltr'>caedibus</span> <span class='ocrx_word' id='word_1_86' title='bbox 1963 1025 2322 1093; x_wconf 89' lang='lat' dir='ltr'>amicorum,</span> 
     </span>
     <span class='ocr_line' id='line_1_19' title="bbox 355 1112 2321 1185; baseline -0.001 -18"><span class='ocrx_word' id='word_1_87' title='bbox 355 1113 747 1185; x_wconf 85' lang='lat' dir='ltr'>egregiosque</span> <span class='ocrx_word' id='word_1_88' title='bbox 775 1112 927 1167; x_wconf 90' lang='lat' dir='ltr'>bello</span> <span class='ocrx_word' id='word_1_89' title='bbox 956 1114 1145 1182; x_wconf 86' lang='lat' dir='ltr'>viros,</span> <span class='ocrx_word' id='word_1_90' title='bbox 1194 1115 1251 1167; x_wconf 87' lang='lat' dir='ltr'>et</span> <span class='ocrx_word' id='word_1_91' title='bbox 1297 1115 1380 1167; x_wconf 91' lang='lat' dir='ltr'>tot</span> <span class='ocrx_word' id='word_1_92' title='bbox 1425 1114 1692 1184; x_wconf 83' lang='lat' dir='ltr'>gentium</span> <span class='ocrx_word' id='word_1_93' title='bbox 1741 1127 1943 1168; x_wconf 78' lang='lat' dir='ltr'>secum</span> <span class='ocrx_word' id='word_1_94' title='bbox 1973 1112 2321 1181; x_wconf 82' lang='lat' dir='ltr'>domitoreS‚</span> 
     </span>
     <span class='ocr_line' id='line_1_20' title="bbox 355 1199 2323 1267; baseline 0.002 -12"><span class='ocrx_word' id='word_1_95' title='bbox 355 1201 538 1256; x_wconf 89' lang='lat' dir='ltr'>indita</span> <span class='ocrx_word' id='word_1_96' title='bbox 568 1217 770 1267; x_wconf 88' lang='lat' dir='ltr'>causa,</span> <span class='ocrx_word' id='word_1_97' title='bbox 799 1204 1028 1257; x_wconf 85' lang='lat' dir='ltr'>veritus</span> <span class='ocrx_word' id='word_1_98' title='bbox 1058 1204 1219 1257; x_wconf 89' lang='lat' dir='ltr'>esset</span> <span class='ocrx_word' id='word_1_99' title='bbox 1247 1202 1517 1257; x_wconf 88' lang='lat' dir='ltr'>occidere</span> <span class='ocrx_word' id='word_1_100' title='bbox 1536 1202 1598 1257; x_wconf 81' lang='lat'>¹⁰.</span> <span class='ocrx_word' id='word_1_101' title='bbox 1638 1201 1752 1257; x_wconf 87' lang='lat' dir='ltr'>Sed</span> <span class='ocrx_word' id='word_1_102' title='bbox 1785 1200 2046 1256; x_wconf 88' lang='lat' dir='ltr'>nondum</span> <span class='ocrx_word' id='word_1_103' title='bbox 2081 1199 2323 1258; x_wconf 82' lang='lat' dir='ltr'>fortuna</span> 
     </span>
     <span class='ocr_line' id='line_1_21' title="bbox 355 1289 2325 1361; baseline 0.001 -17"><span class='ocrx_word' id='word_1_104' title='bbox 355 1305 422 1344; x_wconf 89' lang='lat' dir='ltr'>se</span> <span class='ocrx_word' id='word_1_105' title='bbox 452 1290 649 1345; x_wconf 89' lang='lat' dir='ltr'>animo</span> <span class='ocrx_word' id='word_1_106' title='bbox 680 1289 812 1361; x_wconf 84' lang='lat' dir='ltr'>ejus</span> <span class='ocrx_word' id='word_1_107' title='bbox 837 1289 1256 1359; x_wconf 83' lang='lat' dir='ltr'>superfuderat</span> <span class='ocrx_word' id='word_1_108' title='bbox 1286 1309 1300 1347; x_wconf 73' lang='grc' dir='ltr'><strong>ε</strong></span> <span class='ocrx_word' id='word_1_109' title='bbox 1335 1291 1531 1360; x_wconf 87' lang='lat' dir='ltr'>itaque</span> <span class='ocrx_word' id='word_1_110' title='bbox 1552 1290 1842 1345; x_wconf 84' lang='lat' dir='ltr'>orientem</span> <span class='ocrx_word' id='word_1_111' title='bbox 1871 1295 1992 1345; x_wconf 86' lang='lat' dir='ltr'>tam</span> <span class='ocrx_word' id='word_1_112' title='bbox 2020 1290 2325 1347; x_wconf 87' lang='lat' dir='ltr'>moderate</span> 
     </span>
     <span class='ocr_line' id='line_1_22' title="bbox 353 1378 2322 1451; baseline 0.001 -17"><span class='ocrx_word' id='word_1_113' title='bbox 353 1382 410 1434; x_wconf 87' lang='lat' dir='ltr'>et</span> <span class='ocrx_word' id='word_1_114' title='bbox 438 1380 760 1449; x_wconf 83' lang='lat' dir='ltr'>prudenter</span> <span class='ocrx_word' id='word_1_115' title='bbox 797 1380 947 1447; x_wconf 88' lang='lat' dir='ltr'>tulit,</span> <span class='ocrx_word' id='word_1_116' title='bbox 982 1380 1055 1433; x_wconf 89' lang='lat' dir='ltr'>ad</span> <span class='ocrx_word' id='word_1_117' title='bbox 1104 1380 1375 1433; x_wconf 91' lang='lat' dir='ltr'>ultimum</span> <span class='ocrx_word' id='word_1_118' title='bbox 1419 1379 1886 1451; x_wconf 85' lang='lat' dir='ltr'>magnitudinem</span> <span class='ocrx_word' id='word_1_119' title='bbox 1918 1378 2051 1450; x_wconf 88' lang='lat' dir='ltr'>ejus</span> <span class='ocrx_word' id='word_1_120' title='bbox 2082 1395 2201 1434; x_wconf 91' lang='lat' dir='ltr'>non</span> <span class='ocrx_word' id='word_1_121' title='bbox 2230 1395 2322 1435; x_wconf 91' lang='lat' dir='ltr'>ce·</span> 
     </span>
     <span class='ocr_line' id='line_1_23' title="bbox 350 1468 2322 1541; baseline 0.002 -20"><span class='ocrx_word' id='word_1_122' title='bbox 350 1469 436 1540; x_wconf 84' lang='lat' dir='ltr'>pit</span> <span class='ocrx_word' id='word_1_123' title='bbox 456 1468 521 1524; x_wconf 80' lang='lat'>¹⁹.</span> <span class='ocrx_word' id='word_1_124' title='bbox 561 1469 725 1523; x_wconf 90' lang='lat' dir='ltr'>Tunc</span> <span class='ocrx_word' id='word_1_125' title='bbox 756 1468 994 1539; x_wconf 90' lang='lat' dir='ltr'>quidem</span> <span class='ocrx_word' id='word_1_126' title='bbox 1024 1469 1102 1523; x_wconf 88' lang='lat' dir='ltr'>ita</span> <span class='ocrx_word' id='word_1_127' title='bbox 1134 1483 1199 1523; x_wconf 93' lang='lat' dir='ltr'>se</span> <span class='ocrx_word' id='word_1_128' title='bbox 1228 1468 1420 1539; x_wconf 83' lang='lat' dir='ltr'>gessit</span> <span class='ocrx_word' id='word_1_129' title='bbox 1456 1468 1518 1522; x_wconf 82' lang='lat' dir='ltr'>ut</span> <span class='ocrx_word' id='word_1_130' title='bbox 1566 1482 1773 1522; x_wconf 89' lang='lat' dir='ltr'>omnes</span> <span class='ocrx_word' id='word_1_131' title='bbox 1815 1472 1948 1523; x_wconf 88' lang='lat' dir='ltr'>ante</span> <span class='ocrx_word' id='word_1_132' title='bbox 1979 1484 2116 1524; x_wconf 87' lang='lat' dir='ltr'>eum</span> <span class='ocrx_word' id='word_1_133' title='bbox 2142 1484 2322 1541; x_wconf 87' lang='lat' dir='ltr'>reges</span> 
     </span>
     <span class='ocr_line' id='line_1_24' title="bbox 353 1556 1651 1613; baseline -0.002 -1"><span class='ocrx_word' id='word_1_134' title='bbox 353 1561 411 1613; x_wconf 90' lang='lat' dir='ltr'>et</span> <span class='ocrx_word' id='word_1_135' title='bbox 437 1557 796 1612; x_wconf 87' lang='lat' dir='ltr'>continentia</span> <span class='ocrx_word' id='word_1_136' title='bbox 827 1559 885 1610; x_wconf 91' lang='lat' dir='ltr'>et</span> <span class='ocrx_word' id='word_1_137' title='bbox 914 1556 1221 1610; x_wconf 88' lang='lat' dir='ltr'>clementia</span> <span class='ocrx_word' id='word_1_138' title='bbox 1249 1557 1651 1612; x_wconf 75' lang='lat' dir='ltr'>vincerentur.</span> 
     </span>
    </p>

    <p class='ocr_par' dir='ltr' id='par_1_12' title="bbox 348 1644 2326 2957">
     <span class='ocr_line' id='line_1_25' title="bbox 422 1644 2320 1717; baseline 0 -16"><span class='ocrx_word' id='word_1_139' title='bbox 422 1646 708 1717; x_wconf 86' lang='lat' dir='ltr'>Virgines</span> <span class='ocrx_word' id='word_1_140' title='bbox 753 1646 997 1717; x_wconf 86' lang='lat' dir='ltr'>reginas</span> <span class='ocrx_word' id='word_1_141' title='bbox 1042 1644 1388 1700; x_wconf 83' lang='lat' dir='ltr'>excellentis</span> <span class='ocrx_word' id='word_1_142' title='bbox 1436 1645 1641 1700; x_wconf 84' lang='lat' dir='ltr'>formae</span> <span class='ocrx_word' id='word_1_143' title='bbox 1688 1647 1807 1699; x_wconf 84' lang='lat' dir='ltr'>tam</span> <span class='ocrx_word' id='word_1_144' title='bbox 1852 1648 2055 1701; x_wconf 87' lang='lat' dir='ltr'>sancte</span> <span class='ocrx_word' id='word_1_145' title='bbox 2098 1645 2320 1715; x_wconf 89' lang='lat' dir='ltr'>habuit,</span> 
     </span>
     <span class='ocr_line' id='line_1_26' title="bbox 351 1733 2322 1807; baseline 0.001 -20"><span class='ocrx_word' id='word_1_146' title='bbox 351 1749 528 1805; x_wconf 80' lang='lat' dir='ltr'>quam</span> <span class='ocrx_word' id='word_1_147' title='bbox 559 1734 615 1787; x_wconf 90' lang='lat' dir='ltr'>si</span> <span class='ocrx_word' id='word_1_148' title='bbox 643 1733 873 1799; x_wconf 87' lang='lat' dir='ltr'>eodem,</span> <span class='ocrx_word' id='word_1_149' title='bbox 899 1748 1012 1803; x_wconf 89' lang='lat' dir='ltr'>quo</span> <span class='ocrx_word' id='word_1_150' title='bbox 1043 1734 1196 1803; x_wconf 85' lang='lat' dir='ltr'>ipse,</span> <span class='ocrx_word' id='word_1_151' title='bbox 1217 1740 1462 1804; x_wconf 87' lang='lat' dir='ltr'>parente</span> <span class='ocrx_word' id='word_1_152' title='bbox 1490 1735 1710 1805; x_wconf 82' lang='lat' dir='ltr'>genitae</span> <span class='ocrx_word' id='word_1_153' title='bbox 1741 1734 1975 1791; x_wconf 85' lang='lat' dir='ltr'>forent:</span> <span class='ocrx_word' id='word_1_154' title='bbox 2008 1735 2322 1807; x_wconf 84' lang='lat' dir='ltr'>conjugem</span> 
     </span>
     <span class='ocr_line' id='line_1_27' title="bbox 350 1821 2321 1895; baseline 0.001 -18"><span class='ocrx_word' id='word_1_155' title='bbox 350 1822 647 1893; x_wconf 80' lang='lat' dir='ltr'>ejusdem,</span> <span class='ocrx_word' id='word_1_156' title='bbox 697 1838 871 1893; x_wconf 86' lang='lat' dir='ltr'>quam</span> <span class='ocrx_word' id='word_1_157' title='bbox 927 1821 1090 1876; x_wconf 91' lang='lat' dir='ltr'>nulla</span> <span class='ocrx_word' id='word_1_158' title='bbox 1137 1822 1328 1877; x_wconf 80' lang='lat' dir='ltr'>aetatis</span> <span class='ocrx_word' id='word_1_159' title='bbox 1379 1837 1505 1877; x_wconf 86' lang='lat' dir='ltr'>suae</span> <span class='ocrx_word' id='word_1_160' title='bbox 1561 1823 2001 1893; x_wconf 87' lang='lat' dir='ltr'>pulchritudine</span> <span class='ocrx_word' id='word_1_161' title='bbox 2050 1824 2321 1895; x_wconf 86' lang='lat' dir='ltr'>corporis</span> 
     </span>
     <span class='ocr_line' id='line_1_28' title="bbox 349 1911 2323 1982; baseline 0.002 -17"><span class='ocrx_word' id='word_1_162' title='bbox 349 1912 510 1980; x_wconf 81' lang='lat' dir='ltr'>vicit,</span> <span class='ocrx_word' id='word_1_163' title='bbox 544 1912 690 1968; x_wconf 88' lang='lat' dir='ltr'>adeo</span> <span class='ocrx_word' id='word_1_164' title='bbox 728 1912 859 1982; x_wconf 91' lang='lat' dir='ltr'>ipse</span> <span class='ocrx_word' id='word_1_165' title='bbox 897 1928 1018 1967; x_wconf 87' lang='lat' dir='ltr'>non</span> <span class='ocrx_word' id='word_1_166' title='bbox 1045 1911 1311 1979; x_wconf 78' lang='lat' dir='ltr'>violavit,</span> <span class='ocrx_word' id='word_1_167' title='bbox 1344 1913 1406 1966; x_wconf 82' lang='lat' dir='ltr'>ut</span> <span class='ocrx_word' id='word_1_168' title='bbox 1433 1928 1723 1967; x_wconf 88' lang='lat' dir='ltr'>summam</span> <span class='ocrx_word' id='word_1_169' title='bbox 1759 1914 2090 1969; x_wconf 86' lang='lat' dir='ltr'>adhibuerit</span> <span class='ocrx_word' id='word_1_170' title='bbox 2118 1930 2323 1969; x_wconf 86' lang='lat' dir='ltr'>curam</span> 
     </span>
     <span class='ocr_line' id='line_1_29' title="bbox 350 2002 2321 2074; baseline 0.001 -18"><span class='ocrx_word' id='word_1_171' title='bbox 350 2018 424 2057; x_wconf 91' lang='lat' dir='ltr'>ne</span> <span class='ocrx_word' id='word_1_172' title='bbox 471 2003 608 2074; x_wconf 88' lang='lat' dir='ltr'>quis</span> <span class='ocrx_word' id='word_1_173' title='bbox 650 2003 887 2072; x_wconf 74' lang='lat' dir='ltr'>captivo</span> <span class='ocrx_word' id='word_1_174' title='bbox 933 2002 1176 2074; x_wconf 88' lang='lat' dir='ltr'>corpori</span> <span class='ocrx_word' id='word_1_175' title='bbox 1223 2003 1544 2061; x_wconf 82' lang='lat' dir='ltr'>illuderet:</span> <span class='ocrx_word' id='word_1_176' title='bbox 1597 2018 1831 2057; x_wconf 89' lang='lat' dir='ltr'>omnem</span> <span class='ocrx_word' id='word_1_177' title='bbox 1890 2005 2107 2058; x_wconf 86' lang='lat' dir='ltr'>cultum</span> <span class='ocrx_word' id='word_1_178' title='bbox 2152 2003 2321 2057; x_wconf 89' lang='lat' dir='ltr'>reddi</span> 
     </span>
     <span class='ocr_line' id='line_1_30' title="bbox 348 2089 2319 2164; baseline -0.001 -17"><span class='ocrx_word' id='word_1_179' title='bbox 348 2091 594 2147; x_wconf 86' lang='lat' dir='ltr'>feminis</span> <span class='ocrx_word' id='word_1_180' title='bbox 616 2091 818 2164; x_wconf 84' lang='lat' dir='ltr'>jussit,</span> <span class='ocrx_word' id='word_1_181' title='bbox 853 2107 964 2147; x_wconf 84' lang='lat' dir='ltr'>nee</span> <span class='ocrx_word' id='word_1_182' title='bbox 991 2092 1300 2163; x_wconf 87' lang='lat' dir='ltr'>quicquam</span> <span class='ocrx_word' id='word_1_183' title='bbox 1340 2107 1413 2146; x_wconf 82' lang='lat' dir='ltr'>ex</span> <span class='ocrx_word' id='word_1_184' title='bbox 1450 2089 1717 2161; x_wconf 78' lang='lat' dir='ltr'>pristinae</span> <span class='ocrx_word' id='word_1_185' title='bbox 1755 2091 2006 2146; x_wconf 78' lang='lat' dir='ltr'>fortunae</span> <span class='ocrx_word' id='word_1_186' title='bbox 2041 2092 2319 2164; x_wconf 88' lang='lat' dir='ltr'>magnifi-</span> 
     </span>
     <span class='ocr_line' id='line_1_31' title="bbox 348 2179 2318 2252; baseline -0.001 -15"><span class='ocrx_word' id='word_1_187' title='bbox 348 2181 543 2237; x_wconf 87' lang='lat' dir='ltr'>centia</span> <span class='ocrx_word' id='word_1_188' title='bbox 586 2180 840 2252; x_wconf 87' lang='lat' dir='ltr'>captivis</span> <span class='ocrx_word' id='word_1_189' title='bbox 874 2184 1089 2252; x_wconf 88' lang='lat' dir='ltr'>praeter</span> <span class='ocrx_word' id='word_1_190' title='bbox 1121 2181 1395 2236; x_wconf 84' lang='lat' dir='ltr'>fiduciam</span> <span class='ocrx_word' id='word_1_191' title='bbox 1426 2179 1635 2236; x_wconf 78' lang='lat' dir='ltr'>defuit.</span> <span class='ocrx_word' id='word_1_192' title='bbox 1678 2180 1879 2251; x_wconf 87' lang='lat' dir='ltr'>Itaque</span> <span class='ocrx_word' id='word_1_193' title='bbox 1910 2180 2269 2252; x_wconf 84' lang='lat' dir='ltr'>Sisigambis</span> <span class='ocrx_word' id='word_1_194' title='bbox 2301 2200 2318 2236; x_wconf 67' lang='grc' dir='ltr'>ς</span> 
     </span>
     <span class='ocr_line' id='line_1_32' title="bbox 357 2270 2320 2342; baseline 0 -16"><span class='ocrx_word' id='word_1_195' title='bbox 357 2290 378 2318; x_wconf 91' lang='lat'>«</span> <span class='ocrx_word' id='word_1_196' title='bbox 422 2271 571 2341; x_wconf 86' lang='lat' dir='ltr'>Rex,</span> <span class='ocrx_word' id='word_1_197' title='bbox 613 2271 824 2342; x_wconf 87' lang='lat' dir='ltr'>inquit,</span> <span class='ocrx_word' id='word_1_198' title='bbox 864 2272 1118 2325; x_wconf 89' lang='lat' dir='ltr'>mereris</span> <span class='ocrx_word' id='word_1_199' title='bbox 1137 2271 1199 2336; x_wconf 80' lang='lat'>²⁰,</span> <span class='ocrx_word' id='word_1_200' title='bbox 1243 2273 1309 2323; x_wconf 84' lang='lat' dir='ltr'>ut</span> <span class='ocrx_word' id='word_1_201' title='bbox 1348 2285 1415 2323; x_wconf 87' lang='lat' dir='ltr'>ea</span> <span class='ocrx_word' id='word_1_202' title='bbox 1453 2284 1763 2339; x_wconf 80' lang='lat' dir='ltr'>precemur</span> <span class='ocrx_word' id='word_1_203' title='bbox 1802 2270 1931 2337; x_wconf 92' lang='lat' dir='ltr'>tibi,</span> <span class='ocrx_word' id='word_1_204' title='bbox 1974 2285 2104 2340; x_wconf 87' lang='lat' dir='ltr'>quae</span> <span class='ocrx_word' id='word_1_205' title='bbox 2144 2271 2320 2326; x_wconf 86' lang='lat' dir='ltr'>Dario</span> 
     </span>
     <span class='ocr_line' id='line_1_33' title="bbox 349 2355 2324 2430; baseline 0.001 -20"><span class='ocrx_word' id='word_1_206' title='bbox 349 2361 556 2414; x_wconf 86' lang='lat' dir='ltr'>nostro</span> <span class='ocrx_word' id='word_1_207' title='bbox 585 2359 883 2430; x_wconf 87' lang='lat' dir='ltr'>quondam</span> <span class='ocrx_word' id='word_1_208' title='bbox 910 2361 1166 2429; x_wconf 77' lang='lat' dir='ltr'>precatae</span> <span class='ocrx_word' id='word_1_209' title='bbox 1197 2372 1427 2422; x_wconf 78' lang='lat' dir='ltr'>eumue,</span> <span class='ocrx_word' id='word_1_210' title='bbox 1460 2371 1569 2411; x_wconf 90' lang='lat' dir='ltr'>nec</span> <span class='ocrx_word' id='word_1_211' title='bbox 1598 2355 1826 2410; x_wconf 86' lang='lat' dir='ltr'>invidia</span> <span class='ocrx_word' id='word_1_212' title='bbox 1852 2357 2073 2427; x_wconf 85' lang='lat' dir='ltr'>dignus</span> <span class='ocrx_word' id='word_1_213' title='bbox 2107 2372 2195 2423; x_wconf 89' lang='lat' dir='ltr'>es,</span> <span class='ocrx_word' id='word_1_214' title='bbox 2222 2359 2324 2429; x_wconf 90' lang='lat' dir='ltr'>qui</span> 
     </span>
     <span class='ocr_line' id='line_1_34' title="bbox 350 2446 2322 2519; baseline 0.002 -21"><span class='ocrx_word' id='word_1_215' title='bbox 350 2449 578 2500; x_wconf 86' lang='lat' dir='ltr'>tantum</span> <span class='ocrx_word' id='word_1_216' title='bbox 626 2462 833 2519; x_wconf 89' lang='lat' dir='ltr'>regem</span> <span class='ocrx_word' id='word_1_217' title='bbox 891 2463 1010 2501; x_wconf 90' lang='lat' dir='ltr'>non</span> <span class='ocrx_word' id='word_1_218' title='bbox 1066 2446 1345 2501; x_wconf 86' lang='lat' dir='ltr'>felicitate</span> <span class='ocrx_word' id='word_1_219' title='bbox 1404 2446 1627 2513; x_wconf 88' lang='lat' dir='ltr'>solum,</span> <span class='ocrx_word' id='word_1_220' title='bbox 1675 2446 1781 2500; x_wconf 90' lang='lat' dir='ltr'>sed</span> <span class='ocrx_word' id='word_1_221' title='bbox 1829 2446 1997 2500; x_wconf 89' lang='lat' dir='ltr'>etiam</span> <span class='ocrx_word' id='word_1_222' title='bbox 2052 2448 2322 2517; x_wconf 86' lang='lat' dir='ltr'>aequitate</span> 
     </span>
     <span class='ocr_line' id='line_1_35' title="bbox 349 2534 2326 2607; baseline 0.002 -19"><span class='ocrx_word' id='word_1_223' title='bbox 349 2536 758 2604; x_wconf 75' lang='lat' dir='ltr'>superaveris·</span> <span class='ocrx_word' id='word_1_224' title='bbox 794 2537 880 2590; x_wconf 92' lang='lat' dir='ltr'>Tu</span> <span class='ocrx_word' id='word_1_225' title='bbox 923 2535 1161 2607; x_wconf 86' lang='lat' dir='ltr'>quidem</span> <span class='ocrx_word' id='word_1_226' title='bbox 1190 2538 1439 2589; x_wconf 88' lang='lat' dir='ltr'>matrem</span> <span class='ocrx_word' id='word_1_227' title='bbox 1468 2549 1563 2589; x_wconf 90' lang='lat' dir='ltr'>me</span> <span class='ocrx_word' id='word_1_228' title='bbox 1591 2537 1649 2590; x_wconf 86' lang='lat' dir='ltr'>et</span> <span class='ocrx_word' id='word_1_229' title='bbox 1675 2534 1944 2607; x_wconf 86' lang='lat' dir='ltr'>reginam</span> <span class='ocrx_word' id='word_1_230' title='bbox 1974 2551 2174 2601; x_wconf 80' lang='lat' dir='ltr'>vocaS,</span> <span class='ocrx_word' id='word_1_231' title='bbox 2214 2534 2326 2592; x_wconf 88' lang='lat' dir='ltr'>sed</span> 
     </span>
     <span class='ocr_line' id='line_1_36' title="bbox 350 2621 2323 2695; baseline 0.002 -18"><span class='ocrx_word' id='word_1_232' title='bbox 350 2636 464 2692; x_wconf 83' lang='lat' dir='ltr'>ego</span> <span class='ocrx_word' id='word_1_233' title='bbox 513 2637 604 2676; x_wconf 91' lang='lat' dir='ltr'>me</span> <span class='ocrx_word' id='word_1_234' title='bbox 641 2626 803 2679; x_wconf 89' lang='lat' dir='ltr'>tuam</span> <span class='ocrx_word' id='word_1_235' title='bbox 840 2623 1122 2679; x_wconf 80' lang='lat' dir='ltr'>famulam</span> <span class='ocrx_word' id='word_1_236' title='bbox 1161 2638 1301 2678; x_wconf 88' lang='lat' dir='ltr'>esse</span> <span class='ocrx_word' id='word_1_237' title='bbox 1350 2621 1659 2678; x_wconf 89' lang='lat' dir='ltr'>confiteor.</span> <span class='ocrx_word' id='word_1_238' title='bbox 1726 2623 1799 2677; x_wconf 90' lang='lat' dir='ltr'>Et</span> <span class='ocrx_word' id='word_1_239' title='bbox 1843 2623 2156 2695; x_wconf 86' lang='lat' dir='ltr'>praeteritae</span> <span class='ocrx_word' id='word_1_240' title='bbox 2202 2623 2323 2681; x_wconf 79' lang='lat' dir='ltr'>for—</span> 
     </span>
     <span class='ocr_line' id='line_1_37' title="bbox 348 2710 2316 2784; baseline 0.002 -20"><span class='ocrx_word' id='word_1_241' title='bbox 348 2715 507 2765; x_wconf 80' lang='lat' dir='ltr'>tunae</span> <span class='ocrx_word' id='word_1_242' title='bbox 555 2710 853 2783; x_wconf 82' lang='lat' dir='ltr'>fastigium</span> <span class='ocrx_word' id='word_1_243' title='bbox 887 2714 1054 2784; x_wconf 89' lang='lat' dir='ltr'>capio</span> <span class='ocrx_word' id='word_1_244' title='bbox 1070 2713 1108 2740; x_wconf 81' lang='lat'>²¹</span> <span class='ocrx_word' id='word_1_245' title='bbox 1150 2715 1206 2767; x_wconf 88' lang='lat' dir='ltr'>et</span> <span class='ocrx_word' id='word_1_246' title='bbox 1244 2713 1563 2782; x_wconf 88' lang='lat' dir='ltr'>praesentis</span> <span class='ocrx_word' id='word_1_247' title='bbox 1602 2711 1818 2783; x_wconf 81' lang='lat' dir='ltr'>jugum</span> <span class='ocrx_word' id='word_1_248' title='bbox 1862 2715 1982 2783; x_wconf 85' lang='lat' dir='ltr'>pati</span> <span class='ocrx_word' id='word_1_249' title='bbox 2022 2728 2272 2783; x_wconf 89' lang='lat' dir='ltr'>possum</span> <span class='ocrx_word' id='word_1_250' title='bbox 2304 2730 2316 2768; x_wconf 92' lang='lat'>:</span> 
     </span>
     <span class='ocr_line' id='line_1_38' title="bbox 348 2799 2324 2873; baseline 0.003 -21"><span class='ocrx_word' id='word_1_251' title='bbox 348 2802 446 2853; x_wconf 88' lang='lat' dir='ltr'>tua</span> <span class='ocrx_word' id='word_1_252' title='bbox 494 2799 740 2854; x_wconf 88' lang='lat' dir='ltr'>interest</span> <span class='ocrx_word' id='word_1_253' title='bbox 766 2801 825 2868; x_wconf 77' lang='lat'>²²,</span> <span class='ocrx_word' id='word_1_254' title='bbox 869 2805 1152 2873; x_wconf 85' lang='lat' dir='ltr'>quantum</span> <span class='ocrx_word' id='word_1_255' title='bbox 1198 2803 1261 2855; x_wconf 91' lang='lat' dir='ltr'>in</span> <span class='ocrx_word' id='word_1_256' title='bbox 1311 2817 1426 2856; x_wconf 91' lang='lat' dir='ltr'>nos</span> <span class='ocrx_word' id='word_1_257' title='bbox 1469 2801 1719 2870; x_wconf 86' lang='lat' dir='ltr'>licuerit,</span> <span class='ocrx_word' id='word_1_258' title='bbox 1761 2803 1815 2855; x_wconf 89' lang='lat' dir='ltr'>si</span> <span class='ocrx_word' id='word_1_259' title='bbox 1854 2801 1915 2855; x_wconf 90' lang='lat' dir='ltr'>id</span> <span class='ocrx_word' id='word_1_260' title='bbox 1952 2803 2153 2872; x_wconf 89' lang='lat' dir='ltr'>potius</span> <span class='ocrx_word' id='word_1_261' title='bbox 2194 2801 2324 2858; x_wconf 85' lang='lat' dir='ltr'>cle-</span> 
     </span>
     <span class='ocr_line' id='line_1_39' title="bbox 348 2888 1702 2957; baseline -0.001 -15"><span class='ocrx_word' id='word_1_262' title='bbox 348 2888 563 2943; x_wconf 88' lang='lat' dir='ltr'>mentia</span> <span class='ocrx_word' id='word_1_263' title='bbox 594 2904 768 2957; x_wconf 87' lang='lat' dir='ltr'>quam</span> <span class='ocrx_word' id='word_1_264' title='bbox 799 2892 1030 2946; x_wconf 88' lang='lat' dir='ltr'>saevitia</span> <span class='ocrx_word' id='word_1_265' title='bbox 1059 2892 1154 2946; x_wconf 84' lang='lat' dir='ltr'>vis</span> <span class='ocrx_word' id='word_1_266' title='bbox 1184 2906 1321 2946; x_wconf 87' lang='lat' dir='ltr'>esse</span> <span class='ocrx_word' id='word_1_267' title='bbox 1350 2892 1648 2945; x_wconf 87' lang='lat' dir='ltr'>testatum.</span> <span class='ocrx_word' id='word_1_268' title='bbox 1677 2908 1702 2941; x_wconf 64' lang='grc' dir='ltr'><strong><em>ι</em></strong></span> 
     </span>
    </p>
   </div>
   <div class='ocr_carea' id='block_1_11' title="bbox 345 3039 2325 3594">
    <p class='ocr_par' dir='ltr' id='par_1_13' title="bbox 348 3039 2325 3157">
     <span class='ocr_line' id='line_1_40' title="bbox 399 3039 2325 3098; baseline 0.001 -15"><span class='ocrx_word' id='word_1_269' title='bbox 399 3041 470 3085; x_wconf 73' lang='grc'>16.</span> <span class='ocrx_word' id='word_1_270' title='bbox 504 3039 826 3094; x_wconf 73' lang='lat' dir='ltr'>Ianorate‘onem</span> <span class='ocrx_word' id='word_1_271' title='bbox 854 3053 1067 3098; x_wconf 80' lang='lat' dir='ltr'>nunquam</span> <span class='ocrx_word' id='word_1_272' title='bbox 1090 3045 1222 3086; x_wconf 80' lang='lat' dir='ltr'>antea</span> <span class='ocrx_word' id='word_1_273' title='bbox 1254 3040 1341 3086; x_wconf 71' lang='lat' dir='ltr'>visi</span> <span class='ocrx_word' id='word_1_274' title='bbox 1365 3041 1500 3095; x_wconf 66' lang='lat' dir='ltr'>reaia.</span> <span class='ocrx_word' id='word_1_275' title='bbox 1531 3043 1594 3084; x_wconf 84' lang='lat' dir='ltr'>Le</span> <span class='ocrx_word' id='word_1_276' title='bbox 1631 3040 1855 3095; x_wconf 82' lang='lat' dir='ltr'>participe</span> <span class='ocrx_word' id='word_1_277' title='bbox 1884 3039 2024 3095; x_wconf 78' lang='lat' dir='ltr'>passe</span> <span class='ocrx_word' id='word_1_278' title='bbox 2054 3039 2325 3095; x_wconf 81' lang='lat' dir='ltr'>equivalent</span> 
     </span>
     <span class='ocr_line' id='line_1_41' title="bbox 348 3101 1454 3157; baseline 0 -12"><span class='ocrx_word' id='word_1_279' title='bbox 348 3101 454 3146; x_wconf 82' lang='lat' dir='ltr'>d&#39;un</span> <span class='ocrx_word' id='word_1_280' title='bbox 475 3103 732 3147; x_wconf 70' lang='lat' dir='ltr'>substantii·</span> <span class='ocrx_word' id='word_1_281' title='bbox 749 3105 959 3149; x_wconf 81' lang='lat' dir='ltr'>abstrait.</span> <span class='ocrx_word' id='word_1_282' title='bbox 987 3105 1053 3149; x_wconf 81' lang='lat' dir='ltr'>Cl&#39;.</span> <span class='ocrx_word' id='word_1_283' title='bbox 1072 3108 1145 3157; x_wconf 86' lang='lat'>111,</span> <span class='ocrx_word' id='word_1_284' title='bbox 1171 3117 1220 3156; x_wconf 84' lang='grc' dir='ltr'>ιι,</span> <span class='ocrx_word' id='word_1_285' title='bbox 1243 3110 1353 3148; x_wconf 87' lang='lat' dir='ltr'>note</span> <span class='ocrx_word' id='word_1_286' title='bbox 1383 3104 1454 3149; x_wconf 74' lang='lat'>26.</span> 
     </span>
    </p>

    <p class='ocr_par' dir='ltr' id='par_1_14' title="bbox 345 3165 2321 3284">
     <span class='ocr_line' id='line_1_42' title="bbox 400 3165 2321 3222; baseline 0.002 -14"><span class='ocrx_word' id='word_1_287' title='bbox 400 3167 473 3210; x_wconf 81' lang='lat'>17.</span> <span class='ocrx_word' id='word_1_288' title='bbox 507 3165 615 3210; x_wconf 79' lang='lat' dir='ltr'>Cum</span> <span class='ocrx_word' id='word_1_289' title='bbox 657 3166 931 3212; x_wconf 79' lang='lat' dir='ltr'>imitaretur.</span> <span class='ocrx_word' id='word_1_290' title='bbox 968 3169 1054 3211; x_wconf 89' lang='lat' dir='ltr'>Sur</span> <span class='ocrx_word' id='word_1_291' title='bbox 1100 3179 1152 3211; x_wconf 89' lang='lat' dir='ltr'>ce</span> <span class='ocrx_word' id='word_1_292' title='bbox 1190 3166 1459 3222; x_wconf 79' lang='lat' dir='ltr'>suhjonctif,</span> <span class='ocrx_word' id='word_1_293' title='bbox 1494 3165 1553 3210; x_wconf 84' lang='lat' dir='ltr'>cf.</span> <span class='ocrx_word' id='word_1_294' title='bbox 1586 3166 1661 3221; x_wconf 84' lang='lat'>111,</span> <span class='ocrx_word' id='word_1_295' title='bbox 1703 3177 1763 3221; x_wconf 79' lang='lat' dir='ltr'>iv,</span> <span class='ocrx_word' id='word_1_296' title='bbox 1801 3170 1908 3209; x_wconf 88' lang='lat' dir='ltr'>note</span> <span class='ocrx_word' id='word_1_297' title='bbox 1939 3165 1985 3209; x_wconf 84' lang='lat'>3.</span> <span class='ocrx_word' id='word_1_298' title='bbox 2024 3187 2074 3196; x_wconf 94' lang='lat'><strong>—</strong></span> <span class='ocrx_word' id='word_1_299' title='bbox 2102 3165 2228 3210; x_wconf 84' lang='lat' dir='ltr'>C&#39;est</span> <span class='ocrx_word' id='word_1_300' title='bbox 2260 3178 2321 3212; x_wconf 86' lang='lat' dir='ltr'>en</span> 
     </span>
     <span class='ocr_line' id='line_1_43' title="bbox 345 3227 2126 3284; baseline -0.001 -14"><span class='ocrx_word' id='word_1_301' title='bbox 345 3228 581 3272; x_wconf 79' lang='lat' dir='ltr'>Carmania</span> <span class='ocrx_word' id='word_1_302' title='bbox 600 3228 934 3283; x_wconf 78' lang='lat' dir='ltr'>qu&#39;Alexandre</span> <span class='ocrx_word' id='word_1_303' title='bbox 971 3228 1099 3272; x_wconf 86' lang='lat' dir='ltr'>imita</span> <span class='ocrx_word' id='word_1_304' title='bbox 1116 3231 1160 3274; x_wconf 88' lang='lat' dir='ltr'>le</span> <span class='ocrx_word' id='word_1_305' title='bbox 1190 3229 1423 3284; x_wconf 82' lang='lat' dir='ltr'>triumphe</span> <span class='ocrx_word' id='word_1_306' title='bbox 1451 3228 1509 3272; x_wconf 89' lang='lat' dir='ltr'>de</span> <span class='ocrx_word' id='word_1_307' title='bbox 1539 3227 1772 3273; x_wconf 82' lang='lat' dir='ltr'>BacchuS.</span> <span class='ocrx_word' id='word_1_308' title='bbox 1802 3227 1874 3271; x_wconf 80' lang='lat' dir='ltr'>Cf.</span> <span class='ocrx_word' id='word_1_309' title='bbox 1894 3230 1965 3279; x_wconf 87' lang='lat' dir='ltr'>lx,</span> <span class='ocrx_word' id='word_1_310' title='bbox 1987 3230 2126 3278; x_wconf 72' lang='lat' dir='ltr'>x,24.</span> 
     </span>
    </p>

    <p class='ocr_par' dir='ltr' id='par_1_15' title="bbox 401 3284 2176 3344">
     <span class='ocr_line' id='line_1_44' title="bbox 401 3284 2176 3344; baseline 0.001 -11"><span class='ocrx_word' id='word_1_311' title='bbox 401 3291 473 3335; x_wconf 82' lang='lat'>18.</span> <span class='ocrx_word' id='word_1_312' title='bbox 513 3291 692 3334; x_wconf 73' lang='lat' dir='ltr'>Veritus</span> <span class='ocrx_word' id='word_1_313' title='bbox 706 3295 822 3335; x_wconf 70' lang='lat' dir='ltr'>esset</span> <span class='ocrx_word' id='word_1_314' title='bbox 851 3292 1065 3335; x_wconf 80' lang='lat' dir='ltr'>occidere.</span> <span class='ocrx_word' id='word_1_315' title='bbox 1096 3292 1251 3339; x_wconf 81' lang='lat' dir='ltr'>Vereor</span> <span class='ocrx_word' id='word_1_316' title='bbox 1282 3302 1396 3336; x_wconf 84' lang='lat' dir='ltr'>avec</span> <span class='ocrx_word' id='word_1_317' title='bbox 1425 3289 1655 3334; x_wconf 78' lang='lat' dir='ltr'>l&#39;infinitif</span> <span class='ocrx_word' id='word_1_318' title='bbox 1672 3294 1744 3334; x_wconf 89' lang='lat' dir='ltr'>est</span> <span class='ocrx_word' id='word_1_319' title='bbox 1768 3284 1920 3344; x_wconf 67' lang='lat' dir='ltr'>plutsst</span> <span class='ocrx_word' id='word_1_320' title='bbox 1938 3290 2176 3344; x_wconf 77' lang='lat' dir='ltr'>poetique.</span> 
     </span>
    </p>

    <p class='ocr_par' dir='ltr' id='par_1_16' title="bbox 398 3350 1758 3408">
     <span class='ocr_line' id='line_1_45' title="bbox 398 3350 1758 3408; baseline 0.001 -12"><span class='ocrx_word' id='word_1_321' title='bbox 398 3352 472 3396; x_wconf 70' lang='lat'>⁴9.</span> <span class='ocrx_word' id='word_1_322' title='bbox 507 3352 655 3408; x_wconf 79' lang='lat' dir='ltr'>Cepit,</span> <span class='ocrx_word' id='word_1_323' title='bbox 677 3354 776 3398; x_wconf 78' lang='lat' dir='ltr'>etre</span> <span class='ocrx_word' id='word_1_324' title='bbox 798 3352 824 3396; x_wconf 72' lang='lat' dir='ltr'>a</span> <span class='ocrx_word' id='word_1_325' title='bbox 853 3354 896 3396; x_wconf 88' lang='lat' dir='ltr'>la</span> <span class='ocrx_word' id='word_1_326' title='bbox 925 3352 1130 3397; x_wconf 81' lang='lat' dir='ltr'>hauteur</span> <span class='ocrx_word' id='word_1_327' title='bbox 1147 3353 1223 3398; x_wconf 87' lang='lat' dir='ltr'>de.</span> <span class='ocrx_word' id='word_1_328' title='bbox 1753 3350 1758 3353; x_wconf 79' lang='grc'><strong>’</strong></span> 
     </span>
    </p>

    <p class='ocr_par' dir='ltr' id='par_1_17' title="bbox 398 3414 1456 3472">
     <span class='ocr_line' id='line_1_46' title="bbox 398 3414 1456 3472; baseline 0.003 -15"><span class='ocrx_word' id='word_1_329' title='bbox 398 3414 472 3458; x_wconf 84' lang='grc'>20.</span> <span class='ocrx_word' id='word_1_330' title='bbox 505 3415 670 3460; x_wconf 69' lang='grc' dir='ltr'>Μενενί</span> <span class='ocrx_word' id='word_1_331' title='bbox 696 3426 809 3460; x_wconf 80' lang='lat' dir='ltr'>avec</span> <span class='ocrx_word' id='word_1_332' title='bbox 829 3421 876 3460; x_wconf 79' lang='lat' dir='ltr'>ul</span> <span class='ocrx_word' id='word_1_333' title='bbox 897 3418 1012 3459; x_wconf 84' lang='lat' dir='ltr'>n&#39;est</span> <span class='ocrx_word' id='word_1_334' title='bbox 1034 3416 1177 3470; x_wconf 78' lang='lat' dir='ltr'>gnere</span> <span class='ocrx_word' id='word_1_335' title='bbox 1201 3417 1456 3472; x_wconf 82' lang='lat' dir='ltr'>classique.</span> 
     </span>
    </p>

    <p class='ocr_par' dir='ltr' id='par_1_18' title="bbox 405 3478 1756 3533">
     <span class='ocr_line' id='line_1_47' title="bbox 405 3478 1756 3533; baseline 0.001 -13"><span class='ocrx_word' id='word_1_336' title='bbox 405 3482 478 3523; x_wconf 76' lang='lat'>21.</span> <span class='ocrx_word' id='word_1_337' title='bbox 516 3478 669 3533; x_wconf 74' lang='lat' dir='ltr'>capio,</span> <span class='ocrx_word' id='word_1_338' title='bbox 693 3479 740 3533; x_wconf 87' lang='lat' dir='ltr'>je</span> <span class='ocrx_word' id='word_1_339' title='bbox 763 3484 1000 3533; x_wconf 78' lang='lat' dir='ltr'>supporta.</span> <span class='ocrx_word' id='word_1_340' title='bbox 1017 3478 1063 3532; x_wconf 76' lang='lat' dir='ltr'>ie</span> <span class='ocrx_word' id='word_1_341' title='bbox 1085 3479 1183 3521; x_wconf 85' lang='lat' dir='ltr'>suis</span> <span class='ocrx_word' id='word_1_342' title='bbox 1199 3478 1392 3533; x_wconf 84' lang='lat' dir='ltr'>capable</span> <span class='ocrx_word' id='word_1_343' title='bbox 1418 3478 1478 3522; x_wconf 88' lang='lat' dir='ltr'>de</span> <span class='ocrx_word' id='word_1_344' title='bbox 1496 3481 1756 3532; x_wconf 76' lang='lat' dir='ltr'>supportet.</span> 
     </span>
    </p>

    <p class='ocr_par' dir='ltr' id='par_1_19' title="bbox 398 3539 2318 3594">
     <span class='ocr_line' id='line_1_48' title="bbox 398 3539 2318 3594; baseline 0.001 -10"><span class='ocrx_word' id='word_1_345' title='bbox 398 3541 471 3585; x_wconf 72' lang='lat'>22.</span> <span class='ocrx_word' id='word_1_346' title='bbox 509 3542 598 3586; x_wconf 77' lang='lat' dir='ltr'>Tua</span> <span class='ocrx_word' id='word_1_347' title='bbox 647 3541 850 3594; x_wconf 72' lang='lat' dir='ltr'>interest,</span> <span class='ocrx_word' id='word_1_348' title='bbox 905 3545 995 3586; x_wconf 86' lang='lat' dir='ltr'>etc.</span> <span class='ocrx_word' id='word_1_349' title='bbox 1026 3540 1296 3584; x_wconf 75' lang='lat' dir='ltr'>construite</span> <span class='ocrx_word' id='word_1_350' title='bbox 1337 3552 1348 3582; x_wconf 73' lang='grc' dir='ltr'>ε</span> <span class='ocrx_word' id='word_1_351' title='bbox 1379 3540 1468 3582; x_wconf 79' lang='lat' dir='ltr'>Tua</span> <span class='ocrx_word' id='word_1_352' title='bbox 1497 3539 1700 3590; x_wconf 62' lang='lat' dir='ltr'>intereat,</span> <span class='ocrx_word' id='word_1_353' title='bbox 1739 3540 1782 3584; x_wconf 79' lang='grc' dir='ltr'>.ςί</span> <span class='ocrx_word' id='word_1_354' title='bbox 1827 3540 1895 3584; x_wconf 72' lang='lat' dir='ltr'>via</span> <span class='ocrx_word' id='word_1_355' title='bbox 1921 3539 1967 3583; x_wconf 78' lang='lat' dir='ltr'>ici</span> <span class='ocrx_word' id='word_1_356' title='bbox 2012 3539 2318 3594; x_wconf 57' lang='lat' dir='ltr'>(obst-adire</span> 
     </span>
    </p>
   </div>
   <div class='ocr_carea' id='block_1_12' title="bbox 2480 2735 2487 3437">
    <p class='ocr_par' dir='ltr' id='par_1_20' title="bbox 2480 2735 2487 3437">
     <span class='ocr_line' id='line_1_49' title="bbox 2480 2735 2487 3437; baseline 0 0"><span class='ocrx_word' id='word_1_357' title='bbox 2480 2735 2487 3437; x_wconf 95' lang='lat' dir='ltr'> </span> 
     </span>
    </p>
   </div>
  </div>
 </body>
</html>
