2517 3975
344 528 414 582 10

340 796 403 851 11

333 1246 401 1301 12

329 1519 398 1575 13

323 1787 392 1843 14

321 1966 391 2022 15

319 2321 393 2379 16

317 2501 384 2556 17

315 2677 387 2735 18

316 2947 385 3001 19

470 221 578 277 324
1231 238 1287 282 Q.
1329 237 1500 276 suari
1536 237 1671 276 num

469 344 642 399 altior
684 344 915 399 nostro.
937 343 1144 397 Virtus
1190 345 1347 399 enim
1382 327 1486 399 tua
1525 359 1763 417 semper
1799 343 1861 400 in
1902 344 2265 399 incremento
2303 346 2426 410 erit,

469 435 673 487 nostra
697 430 794 486 vis
816 429 946 503 jam
975 433 1038 486 in
1068 432 1187 486 fine
1215 436 1325 487 est.

543 543 565 568 a
608 520 849 575 Intuere
878 535 1145 590 corpora·
1173 521 1523 593 exsanguia,
1552 523 1641 575 tot
1660 521 1933 592 perfossa
1947 521 2323 589 vulneribuS‚
2345 523 2425 575 tot

464 608 842 666 cicatricibus
870 609 1086 679 putria.
1119 609 1251 663 Jam
1278 610 1393 663 tela
1416 610 1436 630 ⁶
1466 610 1701 664 hebetia
1729 613 1889 680 sunt,
1915 609 2047 681 jam
2093 625 2255 663 arma
2290 609 2425 663 defi-

463 698 645 753 ciunt.
678 698 917 753 Vestem
947 697 1255 752 Persicam
1284 699 1609 766 induimus,
1644 700 1783 768 quia
1825 698 2149 753 domestica
2175 699 2424 753 subvehi

461 803 584 843 non
627 790 844 857 potest.
892 786 960 840 In
1014 789 1328 844 externum
1382 788 1884 859 degeneravimus
1944 789 2185 842 cultum.
2237 787 2420 852 Quoto

459 877 670 948 cuique
699 875 883 932 lorica
901 874 922 893 '⁸
951 878 1083 930 est‘?
1128 876 1266 947 quis
1311 891 1529 947 equum
1557 876 1773 931 habet‘?
1801 876 1954 932 Jube
2001 876 2210 948 quaeri,
2253 892 2423 946 quam

458 965 681 1022 multos
707 964 870 1019 servi
913 964 1180 1034 ipsorum
1208 966 1510 1035 persecuti
1554 965 1692 1032 sint,
1725 964 1868 1035 quid
1915 965 2128 1035 cuique
2165 964 2423 1033 supersit

459 1069 534 1109 ex
557 1053 781 1123 proeda.
814 1052 1091 1108 Omnium
1131 1052 1413 1120 victorem,
1466 1054 1732 1109 omnium
1779 1053 1990 1123 inopes
2040 1068 2271 1106 sumus.
2303 1051 2421 1106 Nec

455 1139 731 1196 luxuria⁸
761 1140 1120 1208 laboramus,
1157 1142 1266 1198 sed
1291 1141 1448 1200 bello
1494 1143 1890 1197 instrumenta
1937 1141 2077 1196 belli
2113 1156 2421 1210 consump-

456 1228 667 1286 simus,
707 1230 882 1286 Hune
923 1233 986 1285 tu
1028 1230 1492 1302 pulcherrimum
1540 1230 1859 1285 exercitum
1908 1230 2130 1285 nudum
2177 1229 2415 1301 objicies

451 1317 650 1373 beluis
665 1319 694 1372 ‘2
720 1318 982 1385 Quarum
1007 1322 1073 1373 ut
1091 1318 1112 1345 ⁹
1137 1319 1570 1375 multitudinem
1589 1322 1850 1391 augeant
1869 1320 1941 1374 de
1969 1319 2265 1373 industria
2285 1319 2414 1371 bar-

450 1405 602 1478 bari,
632 1422 910 1481 magnum
936 1411 1130 1463 tamen
1157 1423 1295 1463 esse
1324 1424 1636 1463 numerum
1664 1409 1842 1463 etiam
1880 1424 1956 1463 ex
1999 1407 2304 1462 mendacio
2334 1407 2412 1459 in-

448 1496 676 1570 telligo.
706 1497 926 1562 Quodsi
955 1496 1146 1552 adhuc
1177 1502 1492 1567 penetrare
1537 1498 1602 1551 in
1640 1497 1868 1551 Indiam
1916 1500 2141 1552 eertum
2184 1498 2294 1561 est,
2316 1510 2407 1549 re-

449 1586 552 1659 gio
580 1602 614 1640 a
642 1585 887 1640 meridie
916 1586 1116 1640 minus
1144 1592 1309 1641 vasta
1338 1589 1462 1657 est;
1505 1602 1621 1657 qua
1670 1587 1937 1652 subacta,
1970 1585 2167 1640 licebit
2216 1583 2410 1639 decur-

445 1690 582 1730 rere
601 1675 666 1729 in
692 1675 835 1730 illud
863 1690 1046 1744 mare,
1082 1676 1234 1745 quod
1274 1675 1458 1729 rebus
1500 1675 1776 1729 humanis
1818 1674 2133 1729 terminum
2151 1672 2191 1700 ¹⁰
2233 1672 2404 1728 voluit

447 1779 580 1819 esse
610 1767 839 1818 natura.
869 1762 990 1818 Cur
1020 1764 1273 1818 circuitu
1302 1764 1458 1835 petis
1487 1764 1763 1836 gloriam,
1793 1779 1927 1834 quae
1955 1764 2029 1817 ad
2062 1779 2290 1816 manum
2311 1777 2403 1832 po-

448 1854 564 1907 sita
591 1856 732 1908 est?
760 1852 846 1906 sie
874 1868 1109 1925 quoque
1154 1853 1412 1908 occurrit
1449 1852 1746 1908 Oceanus·
1786 1853 1917 1907 Nisi
1958 1853 2151 1906 mavis
2193 1866 2396 1915 errare,

442 1942 827 2014 pervenimus
857 1958 973 2014 quo
999 1945 1098 1997 tua
1129 1941 1367 1999 fortuna
1397 1942 1582 2001 ducit.
1626 1942 1767 1998 Haec
1807 1945 2021 2007 tecum,
2067 1956 2240 2014 quam
2280 1940 2395 1995 sine

442 2034 520 2099 te,
552 2047 686 2086 cum
712 2031 808 2085 his
839 2031 1002 2102 loqui
1031 2032 1234 2104 malui,
1267 2048 1387 2087 non
1416 2031 1502 2086 uti
1530 2032 1744 2086 inirem
1773 2031 2393 2087 circumstantisexer-

443 2121 596 2175 citus
610 2120 1008 2192 gratiam,sed
1028 2124 1092 2175 ut
1111 2137 1316 2176 vocem
1335 2122 1701 2192 loquentium
1716 2123 1916 2193 potius
1937 2137 2110 2191 quam
2127 2121 2394 2192 gemitum

440 2210 932 2263 murmurantium
961 2209 1223 2265 audires.
1259 2232 1285 2258 ι

513 2295 592 2352 Ut
618 2295 791 2351 finem
824 2297 1080 2352 orationi
1109 2297 1331 2353 Coenus
1372 2298 1674 2370 imposuit,
1711 2297 1936 2352 elamor
1976 2297 2232 2368 undique
2270 2310 2392 2350 eum
2465 2306 2468 2373 J

439 2385 670 2457 ploratu
697 2386 903 2455 oritur,
934 2401 1158 2457 regem,
1182 2389 1431 2457 patrem,
1458 2387 1785 2456 dominum,
1814 2386 2089 2441 confusis
2117 2385 2392 2456 appellan·
2465 2380 2466 2393 ¹

438 2468 584 2529 ti'um
611 2474 883 2530 vocibus·
916 2476 1164 2551 Jamque
1194 2479 1250 2530 et
1280 2475 1381 2530 alii
1411 2477 1616 2543 duces,
1656 2476 2071 2548 praecipueque
2114 2474 2384 2540 senioreS,

439 2565 579 2636 quis
592 2564 631 2593 ¹¹
662 2564 740 2621 ob
783 2566 1019 2620 aetatem
1057 2567 1113 2619 et
1154 2565 1458 2619 excusatio
1487 2564 1800 2620 honestior
1830 2567 1959 2619 erat
2000 2567 2058 2618 et
2086 2564 2388 2618 auctoritas

438 2648 648 2724 major,
700 2653 905 2708 eadem
949 2652 1367 2724 precabantur.
1408 2652 1510 2708 llle
1560 2669 1669 2709 nec
1714 2654 2013 2725 castigare
2054 2653 2385 2713 obstinatoS,

437 2758 550 2798 nee
584 2742 859 2814 mitigare
900 2744 1123 2812 poterat
1155 2743 1363 2795 iratos.
1398 2741 1618 2812 ltaque,
1653 2742 1830 2812 inops
1875 2741 2136 2810 consilii,
2164 2740 2386 2795 desiluit

440 2845 473 2886 e
531 2830 842 2899 tribunali,
897 2829 1206 2900 claudique
1267 2830 1494 2903 regiam
1549 2829 1764 2902 jussit,
1821 2831 2131 2895 omnibus,
2184 2832 2384 2900 praeter

439 2922 735 2987 assuetoS,
766 2919 930 2974 adire
958 2918 1281 2989 prohibitis
1299 2917 1360 2972 ⁴².
1393 2918 1646 2973 Biduum
1681 2918 1791 2973 irae
1828 2917 2026 2973 datum
2059 2922 2166 2974 est.
2199 2916 2378 2971 Tertio

488 3120 531 3169 8.
561 3123 777 3175 Luxuria,
806 3121 972 3167 ablatit'
982 3122 1041 3167 de
1071 3133 1228 3168 cause.

487 3185 534 3231 9.
572 3184 645 3239 Ue,
664 3197 725 3229 en
742 3184 1002 3230 admettant
1022 3194 1137 3240 que.

492 3246 558 3291 lo.
589 3245 852 3290 Ter-minum.
871 3247 968 3301 cr„
989 3258 1071 3290 sur
1095 3250 1220 3292 cette
1239 3246 1447 3303 idee‚1x‚
1468 3258 1502 3301 1,
1518 3252 1560 3293 3.

488 3311 557 3350 ss.
587 3306 693 3355 Quia
721 3317 901 3351 comme
919 3308 1096 3363 quibua.
1121 3310 1190 3354 cr.
1207 3312 1280 3364 111,
1304 3321 1355 3363 u,
1375 3315 1482 3353 note
1500 3313 1543 3354 8.

487 3367 555 3409 12.
584 3366 722 3409 Adire
742 3367 992 3419 prohibitis.
1013 3370 1226 3415 Prohibeo
1248 3382 1300 3415 se
1318 3372 1546 3416 construit
1566 3372 1675 3426 plus
1705 3376 1904 3415 souvent
1923 3381 2037 3415 avec
2057 3381 2144 3414 une
2176 3365 2373 3421 conjonc-

435 3425 552 3469 tion.
580 3427 692 3469 mais
737 3426 965 3473 l‘infinitil'
1000 3441 1054 3473 se
1085 3434 1271 3476 trouve.
1307 3432 1534 3477 Prohibita·
1560 3434 1672 3477 estis
1695 3434 1850 3489 peden
1877 3434 1926 3477 iu
1955 3431 2179 3486 provincia
2208 3436 2370 3485 ponere,

435 3496 554 3589 Eous
589 3495 704 3598 aa}
734 3484 812 3530 ete
841 3488 1090 3542 empeches
1119 3491 1180 3536 de
1215 3498 1383 3538 mettre
1437 3495 1483 3540 le
1520 3495 1627 3551 pied
1662 3495 1780 3540 dans
1810 3496 1854 3539 la
1885 3496 2103 3552 province
2130 3491 2255 3547 (Cia,
2289 3489 2369 3533 ΡΝ

473 3557 562 3601 ²0⁶⁵
707 3574 718 3585 ·
