2517 3975
576 236 968 277 ms'roaumm
1003 237 1337 283 ALEXANDRI
1373 241 1434 294 v,
1474 241 1575 277 κη.
1960 224 2061 280 157

141 359 163 395 a
196 357 326 413 rogo
350 344 385 370 ¹¹
437 343 794 409 intueretur,
842 346 906 400 in
951 345 1194 401 humum
1246 363 1499 417 pronum
1545 363 1765 418 corpus
1811 348 2054 419 abjecit.

188 432 314 486 Tum
339 448 488 486 vero
518 433 802 488 custodiae
840 433 975 504 ejus
1015 437 1260 505 assueti,
1294 453 1447 507 quos
1483 438 1652 508 regis
1689 437 1939 490 salutem
1968 439 2064 492 vel

135 521 432 590 periculis¹²
461 522 597 574 vitae
621 523 777 576 tueri
815 524 1140 592 oportebat,
1175 525 1387 595 dilapsi
1418 529 1557 580 sunt
1587 529 1765 592 metu,
1797 528 2058 590 armatiS,

64 604 65 627 ³
137 625 254 678 quos
282 608 405 680 jam
436 610 752 664 adventare
785 612 1127 678 credebant,
1162 614 1317 667 haud
1348 615 1461 669 rati
1499 630 1565 668 se
1602 613 1835 668 futuros
1863 631 2060 683 pares.

64 770 65 773 Ἴ
136 698 314 770 Ingens
360 714 508 770 ergo
555 699 619 752 in
663 700 1065 755 tabernaculo
1099 702 1357 756 solitudo
1405 707 1550 769 arat,
1591 701 1796 771 paucis
1844 703 2063 772 spado-

64 810 65 817 *
135 787 300 855 nibuS,
320 788 480 858 quia,
503 802 617 856 quo
644 788 1036 857 discederent,
1060 805 1180 845 non
1207 790 1522 855 habebant,
1545 791 2063 846 circumstantibus

134 891 325 946 regem.
363 876 441 929 At
466 876 589 943 ille,
623 877 869 931 remotis
892 877 1156 948 arbitris,
1187 879 1290 934 diu
1327 880 1486 933 aliud
1515 883 1688 950 atque
1727 880 1887 934 aliud
1917 896 2061 936 con-

135 964 300 1018 silium
337 964 534 1018 animo
575 965 898 1020 volutabat.
940 966 1193 1036 Jamque¹
1228 967 1630 1032 solitudinem,
1669 984 1846 1038 qnam
1887 970 2061 1038 paulo

135 1055 273 1107 antea
305 1068 411 1122 pro
442 1052 663 1109 solacio
694 1055 1006 1122 petiverat,
1025 1071 1302 1125 perosus,
1333 1056 1612 1112 Bubacen
1642 1060 1845 1113 vocari
1866 1059 2059 1129 jubet.

134 1137 286 1203 Quem
318 1141 603 1196 intuens:
656 1162 679 1192 α
714 1142 819 1207 Ite,
860 1143 1071 1212 inquit,
1115 1145 1405 1199 consulite
1446 1145 1639 1210 vobiS,
1684 1146 1756 1199 ad
1792 1148 2063 1201 ultimum

134 1229 240 1299 regi
272 1231 494 1296 vestro,
526 1232 590 1284 ut
629 1229 890 1297 decebat,
923 1230 1036 1285 fide
1076 1232 1360 1287 exhibita.
1405 1233 1535 1304 Ego
1585 1233 1682 1288 hic
1726 1234 1919 1306 legem
1961 1235 2065 1289 fati

135 1318 228 1371 mei
260 1321 555 1388 exspecto.
590 1319 866 1373 Forsitan
888 1320 929 1347 ¹³
957 1320 1214 1387 mireris,
1258 1322 1413 1391 quod
1440 1324 1621 1376 vitam
1657 1338 1776 1376 non
1815 1323 2017 1378 finiam
2049 1343 2062 1378 ι

135 1406 293 1461 alieno
334 1408 558 1462 scelere
599 1423 776 1478 quam
826 1424 957 1463 meo
999 1410 1149 1463 mori
1195 1413 1370 1465 malo.
1417 1433 1439 1458 ι»
1483 1410 1624 1464 Post
1670 1410 1821 1464 hanc
1860 1427 2065 1470 vocem

135 1494 286 1562 spado
333 1496 558 1565 gemitu
598 1510 717 1550 non
760 1495 1205 1552 tabernaculum
1253 1498 1450 1565 mod0‚
1497 1497 1604 1552 sed
1651 1497 1824 1552 etiam
1874 1502 2066 1553 castra

135 1585 432 1653 complevit.
479 1586 751 1655 Irrupere
800 1584 1011 1639 deinde
1055 1586 1172 1654 alii,
1215 1587 1605 1657 laceratisque
1645 1589 1932 1656 vestibuS,
1978 1588 2065 1641 lu-

134 1672 283 1739 gubri
310 1677 364 1728 et
390 1674 648 1730 barbaro
670 1674 893 1728 ululatu
919 1690 1126 1746 regem
1147 1675 1459 1745 deplorare
1490 1679 1816 1746 coeperunt.
1841 1677 2061 1744 Persae,

64 1820 67 1833 i
133 1759 189 1812 ad
228 1761 354 1817 illos
393 1763 647 1817 clamore
689 1762 934 1832 perlat0,
969 1764 1247 1817 attoniti¹⁴
1278 1767 1437 1819 metu
1483 1780 1592 1819 nec
1631 1781 1794 1818 arma
1833 1780 2061 1835 capere,

64 1896 67 1899 Α
133 1863 191 1903 ne
229 1851 287 1904 in
330 1851 677 1907 Bactrianos
726 1853 1072 1917 inciderent,
1123 1867 1230 1905 nec
1279 1853 1585 1922 quiescere
1634 1854 1948 1919 audebant,
1993 1870 2065 1908 ne

64 1982 67 2004 ;
133 1938 281 2010 impie
301 1941 580 1997 deserere
599 1956 804 2011 regem
820 1941 1408 1996 viderentur.Varius
1427 1957 1494 1996 ac
1510 1942 1794 1997 dissonus
1820 1944 2063 2012 clamor,

64 2011 67 2088 Ῠ
136 2028 242 2083 sine
269 2030 410 2086 duce
442 2048 509 2085 ac
539 2022 668 2085 sine
698 2032 968 2102 imperi0,
1000 2030 1140 2084 totis
1169 2030 1387 2085 castris
1417 2029 1805 2086 referebatur.

190 2119 358 2175 Besso
399 2125 455 2176 et
501 2120 849 2178 Nabarzani‘
865 2121 1281 2175 nuntiaverant
1310 2121 1404 2173 sui
1435 2136 1641 2189 regem
1670 2138 1704 2174 a
1743 2122 2064 2190 semetipso

135 2206 515 2281 interemptum
561 2226 696 2265 esse
739 2229 751 2265 :
802 2211 1073 2280 planctus
1114 2225 1219 2264 eos
1254 2210 1583 2280 deceperat.
1618 2211 1823 2280 Itaque
1871 2212 2065 2265 citatis

64 2331 65 2336 κ
135 2297 274 2367 equis
301 2300 595 2368 advolant,
627 2299 1018 2369 sequentibus
1049 2299 1252 2369 quos¹⁵
1294 2297 1365 2351 ad
1394 2298 1790 2353 ministerium
1823 2301 2065 2354 sceleris

135 2382 486 2458 delegerant:
522 2391 578 2443 et
622 2404 755 2442 cum
801 2387 1245 2442 tabernaculum
1295 2387 1642 2452 intrassent,
1691 2388 1827 2457 quia
1864 2404 2066 2459 regem

137 2473 308 2531 vivere
335 2477 631 2547 spadones
659 2476 1018 2541 indicabant,
1053 2475 1473 2545 comprehendi
1502 2476 1830 2546 vincirique
1870 2477 2069 2548 jusse-

134 2567 261 2617 runt.
293 2565 446 2631 Rex,
475 2580 654 2618 curru
681 2566 852 2635 paulo
884 2567 1018 2618 ante
1045 2566 1273 2627 vectus,
1296 2565 1353 2617 et
1380 2563 1625 2618 deorum
1655 2565 1937 2634 auspiciis
1954 2566 1974 2587 *
2002 2583 2068 2619 ac

136 2652 239 2716 suis
264 2654 590 2710 honoribus
618 2653 830 2719 cultuS,
874 2653 1034 2706 nulla
1065 2654 1307 2719 externa
1329 2667 1438 2722 ope
1452 2652 1493 2679 ¹⁰
1521 2653 1773 2724 admota,
1797 2655 2067 2724 captivus

134 2750 416 2798 servorum
445 2759 692 2797 suorum
721 2742 782 2796 in
812 2741 1117 2796 sordidum
1133 2739 1470 2795 vehiculum
1498 2740 1779 2810 (pellibus
1806 2744 2068 2815 undique

135 2832 425 2902 contectus)
454 2833 792 2901 imponitur.
836 2830 1091 2885 Pecunia
1119 2831 1284 2899 regis
1311 2832 1367 2882 et
1396 2828 1685 2899 supellex,
1717 2833 1892 2900 quasi
1925 2834 2069 2888 belli

173 3060 237 3107 11.
271 3063 392 3108 Velut
418 3075 445 3108 a
472 3074 591 3117 roqo.
609 3061 882 3106 Entendez:
906 3060 1167 3104 Artabazum
1183 3058 1504 3113 dieredientem
1536 3059 1654 3104 velut
1682 3073 1709 3103 a
1736 3072 1854 3115 roqo,
1881 3062 2014 3106 c’·est
2020 3062 2069 3105 a·

133 3118 212 3166 dire
227 3126 340 3170 velut
353 3126 406 3170 ab
428 3126 600 3170 homine
626 3126 718 3169 vita
741 3125 966 3177 defuncto.
999 3126 1085 3165 Les
1115 3121 1309 3166 enciens
1331 3120 1516 3166 avaient
1540 3123 1793 3167 l'habitude
1824 3125 1881 3167 de
1907 3124 2070 3168 bruler

134 3179 189 3225 les
204 3183 357 3234 niorts.

173 3246 231 3291 12.
262 3250 498 3296 Periculime
518 3249 691 3294 Pluriel
708 3239 903 3293 abstrait
922 3247 1155 3291 contraire
1183 3246 1210 3289 ὲ,
1234 3246 1417 3302 l’usage
1437 3249 1691 3305 classique.

174 3311 232 3354 ¹3.
263 3313 484 3369 Forsitan,
517 3325 631 3356 avec
667 3312 713 3356 le
747 3310 1013 3367 subj0nctif.
1038 3309 1235 3352 Ailleurs
1263 3309 1349 3364 (111,
1372 3313 1532 3369 11,11)‚
1571 3313 1737 3365 Quinte
1765 3315 1915 3357 curce
1942 3314 2065 3356 avait

134 3368 202 3413 mis
225 3373 470 3427 l'indicatif,
489 3375 852 3420 contrairement
867 3374 894 3416 a
921 3375 1098 3426 l'usage
1118 3372 1365 3426 classique.

176 3433 233 3477 14.
262 3438 473 3482 Attoniti.
494 3438 562 3482 Cf.
592 3441 645 3490 V,
678 3449 745 3492 lx,
770 3441 880 3479 note
905 3436 973 3478 13.

176 3494 235 3540 15.
266 3498 390 3552 Quos,
411 3501 578 3555 ellipse
599 3500 654 3543 de
671 3497 977 3543 l'antecedent
1004 3502 1089 3541 ηε.

178 3556 236 3604 16.
266 3560 397 3606 Nulla
419 3567 605 3607 externa
633 3573 733 3617 ope.
755 3564 923 3605 Bessus
951 3564 1000 3603 et
1024 3559 1285 3605 Nabarzane
1314 3560 1525 3614 agissent
1545 3563 1694 3607 sauls,

2118 435 2152 489 9

2119 881 2188 934 10

2123 1147 2182 1200 11

2122 1415 2190 1468 12

2124 1682 2188 1734 13

2123 1949 2189 2005 14

2124 2217 2192 2270 15

2123 2572 2193 2627 16

2126 2839 2193 2892 17
