2517 3975
649 253 1042 293 msa-omasum
1077 251 1412 290 ALnxAunm
1451 253 1575 300 vm,
1615 253 1676 289 x.
2043 236 2147 290 297
2191 307 2194 308 7

182 361 521 428 demortuo,
564 362 799 433 regioni
844 361 1095 430 urbique
1141 364 1394 429 praeerat
1438 363 1627 413 mater
1669 358 1802 428 ejus
1850 358 2144 429 Cleophis.

180 465 423 502 xxxvm
459 450 641 503 millia
677 450 935 520 peditum
968 450 1285 503 tuebantur
1325 447 1558 515 urbem,
1607 463 1725 502 non
1769 450 1887 502 situ
1932 449 2145 516 solum,

185 536 294 590 sed
320 538 499 591 etiam
528 552 703 608 opere
731 538 1043 591 munitam.
1083 535 1231 590 Nam
1265 550 1377 604 qua
1417 538 1644 603 spectat
1690 537 1997 600 orientem,
2028 537 2149 590 cin-

183 625 352 697 gitur
391 641 561 679 amne
608 626 873 693 torrenti,
907 627 1008 695 qui
1051 624 1374 694 praeruptis
1411 624 1705 694 utrimque
1736 625 1887 694 ripis
1931 625 2151 679 aditum

185 712 259 766 ad
304 712 518 766 urbem
564 713 822 784 impedit.
864 711 955 766 Ad
1001 712 1370 766 occidentem
1411 714 1469 765 et
1510 727 1544 764 a
1591 712 1855 779 meridie,
1887 712 2050 767 velut
2080 713 2151 766 de

183 784 501 868 industria,
533 816 714 870 rupes
761 802 1040 872 praealtas
1087 799 1373 855 obmolita
1418 802 1628 853 natura
1675 802 1785 868 est,
1817 799 1971 854 infra
2001 816 2152 870 quas

185 903 463 942 cavernae
494 890 552 943 et
570 890 916 958 voragineS,
941 889 1122 959 longa
1140 889 1436 942 vetustate
1473 888 1536 941 in
1573 888 1757 942 altum
1786 891 2027 955 cavatae,
2050 887 2151 959 ja-

186 979 353 1040 cent;
383 992 614 1048 quaque
644 977 924 1031 desinunt
954 977 1014 1043 ²⁶,
1048 976 1210 1031 fossa
1240 977 1504 1047 ingentis
1531 978 1735 1046 operis
1763 976 1996 1045 obJecta
2026 981 2141 1033 est.

184 1082 354 1119 xxxv
385 1065 674 1120 stadium*
699 1082 908 1120 murus
937 1065 1149 1120 urbem
1176 1065 1607 1131 complectitur,
1633 1065 1806 1137 cujus
1834 1067 1953 1120 ima
1982 1081 2149 1134 saxo,

186 1154 502 1224 superiora
557 1156 740 1209 crudo
800 1155 982 1209 latere
1000 1154 1042 1182 ’⁷
1090 1157 1229 1207 sunt
1290 1157 1534 1208 structa.
1594 1154 1793 1208 Lateri
1852 1155 2153 1209 vinculum

186 1242 421 1311 lapides
458 1246 620 1308 sunt,
652 1258 802 1313 quos
832 1243 1245 1312 interposuere
1265 1242 1327 1309 ¹⁸,
1360 1244 1425 1295 ut
1466 1241 1691 1295 duriori
1734 1245 1994 1297 materiae
2036 1242 2155 1298 fra-

189 1329 391 1402 gilis⁸⁹
437 1330 841 1399 incumberet,
882 1332 1175 1401 simulque
1212 1331 1254 1359 ⁸⁰
1301 1336 1458 1386 terra
1487 1331 1736 1385 humore
1757 1332 1796 1359 ⁸¹
1825 1328 2029 1387 diluta.
2065 1332 2153 1388 Ne

187 1423 389 1472 tamen
416 1420 703 1473 universa
743 1420 1075 1475 consideret
1124 1420 1349 1487 moleS,
1380 1419 1677 1489 impositae
1731 1423 1898 1473 erant
1955 1420 2154 1475 trabes

186 1505 418 1571 validae,
471 1508 688 1578 quibus
733 1508 949 1579 injecta
996 1508 1257 1563 tabulata
1285 1524 1492 1564 muros
1524 1511 1582 1561 et
1607 1507 1886 1579 tegebant
1914 1513 1970 1562 et
2010 1525 2150 1579 per-

187 1596 328 1649 vios
358 1594 621 1649 fecerant
636 1596 697 1651 ⁸’.

263 1681 411 1735 Haec
439 1684 800 1737 munimenta
827 1684 1317 1753 contemplantem
1348 1684 1770 1754 Alexandrum,
1800 1683 2154 1756 consiliique

190 1771 481 1825 incertum
496 1770 556 1839 ⁸⁸,
582 1773 717 1840 quia
744 1787 856 1828 nec
884 1788 1175 1827 cavernas
1203 1773 1325 1838 nisi
1350 1772 1606 1844 aggere*
1629 1776 1859 1842 poterat
1884 1772 2150 1842 implere,

190 1874 302 1913 nec
344 1861 631 1913 tormenta
652 1859 670 1878 '‘
701 1861 870 1915 aliter
897 1861 1088 1916 muris
1126 1862 1440 1915 admovere
1460 1902 1473 1926 ,
1510 1861 1747 1932 quidam
1785 1876 1818 1915 e
1854 1877 2024 1916 muro
2053 1878 2157 1916 sa-

191 1949 339 2020 gitta
358 1947 381 1968 *
410 1950 706 2018 percussit
734 1965 886 2005 eum.
921 1950 1098 2005 Forte
1125 1951 1187 2004 in
1217 1966 1417 2005 suram
1447 1949 1653 2004 incidit
1685 1950 1906 2004 telum*
1933 1967 1948 2005 ε
1979 1950 2154 2021 cujus

130 2058 140 2070 ·
194 2036 430 2106 spiculo
461 2036 482 2056 *
528 2038 756 2105 evulso,
799 2039 1098 2094 admoveri
1145 2054 1356 2109 equum
1396 2039 1621 2108 Jussit3
1665 2054 1778 2108 quo
1813 2041 2040 2105 vectuS,
2080 2056 2154 2093 ne

193 2124 458 2196 obligato
488 2126 721 2196 quidem
751 2127 1021 2195 vulnere,
1054 2127 1209 2181 haud
1255 2129 1506 2198 segnius
1537 2127 1827 2181 destinata
1869 2143 2155 2197 exseque-

191 2213 391 2267 batur.
414 2212 706 2284 Ceterum,
739 2232 870 2271 cum
900 2234 1038 2271 crus
1068 2217 1336 2270 saucium
1366 2216 1667 2285 penderet,
1699 2218 1775 2285 et,
1805 2232 2010 2271 cruore
2042 2218 2156 2271 sic-

194 2305 349 2367 cato,
383 2301 715 2374 frigescens
744 2305 962 2359 vulnus
1002 2307 1361 2375 aggravaret
1398 2304 1680 2370 dolorem,
1711 2304 1938 2359 dixisse
1972 2303 2158 2358 fertur

195 2407 260 2445 se
315 2390 550 2460 quidem
595 2390 757 2447 Jovis
785 2393 806 2413 *
847 2393 1032 2447 fllium
1083 2393 1226 2463 dici,
1278 2393 1385 2446 sed
1431 2394 1705 2462 corporis
1756 2394 1904 2463 aegri
1933 2393 1976 2420 ⁸⁴
2011 2393 2156 2447 vitia

195 2480 443 2534 sentire.
474 2479 602 2533 Non
631 2483 827 2534 tamen
856 2485 989 2535 ante
1018 2497 1083 2535 se
1117 2482 1340 2551 recepit
1366 2482 1427 2534 in
1466 2484 1660 2534 castra
1680 2481 1722 2547 *,
1749 2497 1919 2550 quam
1947 2485 2156 2535 cuncta

194 2567 520 2637 perspexit,
549 2570 622 2635 et,
647 2585 779 2640 quae
800 2568 930 2623 fieri
961 2569 1160 2636 vellet,
1192 2569 1397 2624 edixit.
1421 2568 1598 2639 ErgO,
1622 2569 1776 2622 sicut
1804 2569 2156 2638 imperatum

196 2660 345 2721 erat,
392 2654 491 2710 alii
539 2659 709 2710 extra
752 2659 960 2712 urbem
1005 2660 1156 2713 tecta
1203 2658 1699 2718 demoliebantur,
1737 2658 2155 2729 ingentemque

194 2745 318 2798 vim
365 2745 621 2800 materiae
659 2745 926 2800 faciendo
957 2747 1205 2818 aggeri*
1237 2746 1639 2814 detrahebant,
1670 2746 1771 2799 alii
1809 2760 2155 2818 magnarum

197 2833 480 2888 arborum
510 2835 748 2903 stipites
779 2851 911 2889 cum
949 2835 1132 2889 ramis
1158 2851 1225 2889 ac
1253 2836 1444 2888 moles
1466 2851 1749 2888 saxorum
1776 2834 1839 2888 in
1868 2851 2156 2891 cavernas

308 3084 318 3094 .
353 3051 447 3102 Qua
474 3050 682 3094 desinunt
709 3051 976 3107 (voraqineae)
1005 3058 1080 3096 est
1107 3053 1344 3108 poetique.

307 3144 320 3157 .
352 3111 532 3166 Latere,
562 3113 666 3167 puis
694 3113 844 3164 lateri,
871 3114 928 3158 de
960 3116 1092 3159 later.

352 3173 670 3228 Inter-posuere,
694 3175 819 3228 sujet
842 3176 1016 3222 incotae.

308 3268 319 3278 .
351 3237 563 3290 Fraqz'h'ffi
593 3248 706 3281 s.-e.
741 3239 945 3283 materia.
1385 3254 1398 3279 ι

307 3333 316 3342 .
352 3297 597 3353 Simulque,
622 3298 918 3344 c’est-a-dire
945 3305 991 3344 et
1017 3300 1238 3345 vinculum
1265 3304 1353 3346 eet.

352 3360 545 3404 Humor-e
571 3366 647 3404 est
673 3360 912 3417 poetique.

306 3454 319 3466 .
350 3422 537 3466 Pervius
562 3424 782 3476 fecerant,
812 3425 870 3468 de
900 3427 1009 3469 telle
1037 3434 1163 3469 sorte
1191 3426 1330 3479 qu'on
1361 3424 1442 3480 pm
1471 3426 1534 3480 s’y
1564 3437 1831 3481 promener.

305 3517 319 3530 .
353 3482 547 3528 Consilii
575 3483 807 3529 incertum.
844 3487 933 3530 Sur
959 3499 1013 3531 ce
1043 3487 1223 3542 genitif,
1252 3487 1319 3532 cf.
1353 3491 1424 3539 lv,
1453 3499 1522 3542 111,
1552 3493 1660 3533 note
1687 3490 1761 3532 15.

307 3574 324 3590 .
353 3545 502 3600 Eat-i,
532 3546 716 3589 moi-tel.
1335 3567 1347 3575 -
1740 3566 1743 3570 “

244 3049 315 3591 ἓὲἑῧξέἓὲἓὲὲῖθξ

1904 3641 1990 3691 17.

2203 446 2274 500 23

2207 1063 2279 1118 25

2207 1327 2281 1383 26

2209 1681 2278 1737 27

2210 1947 2278 2002 28

2211 2210 2280 2265 29

2208 2475 2280 2530 30

2459 3356 2471 3770 -ῌ-Λμ-μ--ᾲᾼᾷᾼᾼ
2469 3286 2470 3299 ᾈ
2469 3270 2470 3277 ᾼ
