2517 3975
608 235 997 277 nisi-ommim
1032 237 1366 277 ammom
1401 240 1481 288 ix,
1523 238 1605 278 vx.
1991 221 2095 276 337

125 342 361 415 illyrios
402 343 635 413 subegi,
668 343 950 400 Triballis
977 345 1305 416 Maedisque
1330 347 1369 374 ¹⁷
1398 346 1693 417 imperite,
1726 345 1950 416 Asiam,
1981 362 2098 419 qua

126 432 533 503 HellespontO,
573 448 689 504 qua
718 433 924 489 Rubro
962 438 1113 488 mari
1150 435 1468 503 subluitur,
1508 435 1809 509 possideo.
1847 436 2097 507 Jamque

124 520 287 575 haud
314 520 518 590 procul
548 522 756 575 absum
786 521 903 576 fine
932 522 1136 577 mundi
1157 523 1217 591 ¹⁸,
1249 538 1423 595 quem
1452 516 1756 595 egressuS,
1785 523 1960 577 aliam
1987 539 2096 578 na-

123 616 341 676 turam,
368 609 550 665 alium
579 611 785 665 orbem
809 611 1041 681 aperire
1070 612 1213 666 mihi
1245 613 1445 668 statui.
1469 612 1559 666 Ex
1581 612 1720 667 Asia
1748 612 1812 667 in
1840 613 2097 682 Europae
2155 612 2219 666 ‘21

124 698 491 769 terminos¹⁹‚
513 703 813 755 momento
844 702 1025 755 unius
1055 701 1241 770 horae,
1271 702 1762 758 transivi.Victor
1785 701 2099 773 utriusque

126 786 400 858 regionis
448 791 588 857 post
637 789 921 843 nonum²⁰
956 790 1126 861 regni
1169 791 1306 856 mei,
1346 795 1486 860 post
1527 790 1879 845 vicesimum
1924 793 2098 860 atque

131 879 405 931 octavum
433 878 623 931 aetatis
660 893 899 948 annum,
930 879 1212 933 videorne
1242 879 1417 935 vobis
1446 880 1510 933 in
1541 876 1855 934 excolenda
1884 878 2096 949 gloria,

132 966 229 1019 cui
266 979 361 1020 me
399 965 502 1018 uni
541 965 773 1032 devovi,
815 982 993 1036 posse
1031 968 1320 1022 cessare?
1349 966 1477 1038 Ego
1507 982 1653 1022 vero
1692 983 1812 1021 non
1839 966 2015 1021 deero
2035 966 2095 1034 ²¹,

134 1054 207 1121 et,
241 1052 597 1125 ubicumque
624 1054 928 1126 pugnabo,
959 1055 1020 1107 in
1052 1055 1281 1109 theatro
1321 1059 1615 1109 terrarum
1650 1055 1815 1110 orbis
1842 1070 1976 1109 esse
2005 1069 2099 1109 me

134 1141 391 1197 credam.
414 1141 575 1197 Dabo
606 1142 965 1197 nobilitatem
992 1143 1361 1214 ignobilibus
1390 1143 1560 1213 lociS,
1583 1143 1844 1214 aperiam
1873 1143 2125 1198 cunctis
2157 1143 2225 1197 22

133 1229 418 1301 gentibus
471 1232 692 1297 terras,
743 1246 889 1300 quas
940 1217 1149 1285 natura
1202 1230 1378 1302 longe
1436 1231 1848 1287 submoverat.
1895 1233 1959 1286 In
2004 1230 2100 1285 his

133 1318 416 1387 operibus
448 1319 758 1389 exstingui
784 1318 951 1385 mihi,
980 1318 1033 1372 si
1061 1317 1187 1372 fors
1215 1319 1298 1372 ita
1325 1317 1493 1387 feret,
1527 1318 1839 1387 pulchrum
1869 1322 1960 1373 est
1984 1334 1998 1374 :
2032 1335 2103 1375 ea

132 1406 316 1477 stirpe
344 1406 388 1433 ²²
423 1421 559 1460 sum
616 1410 886 1477 genituS,
934 1409 999 1460 ut
1050 1405 1293 1460 multam
1321 1406 1361 1433 ‘³
1408 1407 1576 1475 prius
1636 1421 1809 1475 quam
1862 1407 2102 1477 longam

129 1493 314 1548 vitam
345 1494 594 1550 debeam
623 1497 846 1565 optare.

163 1650 176 1660 β
205 1604 226 1632 α
262 1582 527 1637 Obsecro
564 1599 697 1651 voS,
729 1582 984 1652 cogitate
1013 1598 1126 1636 nos
1166 1582 1518 1652 pervenisse
1549 1582 1612 1636 in
1646 1583 1860 1648 terrae,
1883 1582 2102 1651 quibus
2159 1587 2228 1641 23

134 1670 374 1727 feminee
404 1670 479 1726 ob
508 1672 786 1726 virtutem·
825 1671 1277 1742 celeberrimum
1321 1686 1538 1725 nomen
1584 1673 1693 1726 est.
1727 1669 1886 1734 Ques
1921 1670 2102 1726 urbes

133 1759 482 1815 Semiramis
529 1759 825 1815 condidit!
873 1775 1023 1831 quas
1074 1760 1273 1830 gentis
1291 1760 1333 1787 '⁴
1359 1758 1587 1831 redegit
1617 1759 1679 1812 in
1714 1756 2096 1828 potestatem!

131 1851 360 1918 quanta
412 1863 589 1919 opera
647 1847 847 1903 molita
901 1847 1028 1902 est!
1080 1847 1357 1903 Nondum
1400 1847 1680 1902 feminam
1735 1847 2101 1916 aequavimus

133 1937 355 2009 gloria,
387 1941 443 1993 et
479 1938 604 2011 jam
649 1954 762 1993 nos
804 1937 997 1993 laudis
1038 1938 1282 1993 satietas
1329 1938 1530 2007 cepit?
1563 1937 1637 1990 Di
1679 1935 1933 2004 faveant,
1976 1953 2101 1992 ma·
2159 1941 2227 1996 24

132 2027 255 2098 jora
285 2028 327 2056 ²⁸
363 2027 555 2082 adhuc
590 2029 829 2082 restant.
870 2026 986 2081 Sed
1032 2027 1113 2081 ita
1157 2029 1361 2081 nostra
1409 2029 1616 2091 erunt,
1659 2042 1792 2096 quae
1841 2025 2103 2080 nondum

133 2117 462 2190 attigimuS‚
486 2118 539 2171 si
569 2116 714 2171 nihil
743 2132 991 2187 parvum
1016 2115 1381 2185 duxerimuS,
1403 2116 1464 2169 in
1491 2129 1603 2186 quo
1630 2130 1862 2186 magnae
1891 2114 2101 2186 gloriae

130 2206 300 2262 locus
330 2209 442 2260 est.
472 2206 594 2261 Vos
624 2207 797 2260 modo
835 2221 929 2260 me
967 2205 1043 2259 ab
1080 2204 1360 2260 intestina
1402 2204 1612 2258 fraude
1656 2207 1712 2258 et
1752 2203 2100 2259 domestico-

130 2311 261 2350 rum
293 2294 533 2349 insidiis
561 2297 836 2365 praestate
866 2309 1140 2349 securum
1175 2307 1188 2347 τ
1220 2293 1364 2347 belli
1393 2286 1710 2362 Martisque
1731 2292 1749 2314 *
1784 2293 2101 2348 discrimen

128 2383 471 2454 impavidus
510 2383 746 2439 subibo.
775 2383 1088 2453 Philippus
1132 2382 1196 2436 in
1238 2382 1366 2436 acie
1408 2381 1586 2435 tutior
1623 2397 1800 2452 quam
1839 2383 1899 2434 in
1947 2382 2102 2436 thea-
2157 2368 2228 2422 25

132 2474 225 2527 tro
252 2471 298 2500 ⁸⁸
326 2470 439 2526 fuit
472 2485 486 2526 ε
525 2471 788 2526 hostium
824 2486 1031 2525 manus
1077 2484 1236 2540 saepe
1279 2470 1505 2536 vitavit,
1547 2484 1790 2523 suorum
1838 2468 2102 2539 effugere

134 2577 257 2617 non
292 2560 480 2614 valuit
503 2561 563 2617 ³⁷.
595 2559 864 2614 Aliorum
916 2574 1148 2629 quoque
1192 2574 1403 2629 regum
1453 2558 1646 2613 exitus
1688 2559 1741 2612 si
1786 2560 2100 2627 reputave-

188 2810 259 2852 17.
294 2806 464 2859 Maedis,
493 2808 666 2863 peuple
687 2807 766 2862 qui
788 2807 980 2851 habitait
1008 2810 1054 2850 la
1071 2807 1246 2851 Thrace
1273 2806 1300 2851 ὲ
1326 2808 1489 2852 l'ouest
1516 2805 1579 2850 du
1606 2810 1836 2861 Strymon.

187 2871 258 2914 18.
290 2869 402 2914 Fz'ne
429 2869 602 2914 mundi.
633 2870 782 2913 Aliam
805 2873 1029 2913 naturam.
1055 2869 1138 2922 cf„
1160 2882 1241 2914 sur
1265 2874 1390 2913 cette
1418 2868 1539 2923 idee,
1568 2872 1639 2921 IX,
1663 2880 1731 2920 111,
1751 2870 1805 2920 8;
1825 2872 1894 2921 lx,
1916 2881 1979 2922 ιν,
2000 2873 2070 2916 18.

189 2937 259 2977 19.
293 2933 346 2977 ln
382 2931 569 2987 Europa·
594 2932 815 2976 terminon.
860 2936 982 2976 Dans
1023 2942 1109 2976 son
1137 2929 1403 2986 expedition
1444 2936 1606 2975 contre
1654 2931 1722 2974 les
1770 2933 1970 2986 Scythes
2000 2933 2101 2986 (Vll,

129 3007 212 3049 vu,
232 2995 296 3049 2).
1838 3035 1841 3039 .

183 3057 257 3102 20.
289 3056 472 3109 Nonum,
501 3056 640 3100 faux:
668 3067 787 3101 nous
814 3066 1017 3101 sommas
1045 3067 1104 3100 en
1131 3060 1238 3101 326:
1271 3056 1303 3099 il
1331 3055 1534 3101 faudrait
1563 3056 1789 3109 decimum,
1811 3062 1858 3101 et
1877 3057 1982 3111 plus
2012 3056 2105 3100 loin

131 3119 427 3164 tricesimum.

180 3188 257 3227 21.
289 3182 384 3225 Nem
410 3181 555 3234 deero,
585 3181 804 3236 suppleez
830 3181 999 3234 aloriae.

183 3248 257 3287 22.
292 3242 456 3298 stirpe,
475 3245 520 3286 la
540 3243 715 3287 famille
735 3243 957 3288 d’Achille
977 3248 1023 3288 et
1044 3244 1304 3289 d'Hercule.

177 3308 256 3351 23.
288 3305 483 3349 Multam.
516 3305 627 3358 Cic„
660 3306 775 3357 Cat„
804 3310 860 3353 X.
898 3306 1033 3358 Quum
1060 3308 1138 3351 diu
1163 3308 1426 3362 multumque
1454 3306 1635 3351 vixerim

184 3372 261 3412 24.
298 3367 464 3421 Gentis,
483 3368 711 3412 accusatis
734 3379 791 3411 en
819 3368 873 3412 is.
902 3369 966 3412 cr.
998 3373 1068 3422 111,
1099 3382 1185 3422 ιιι,
1207 3374 1316 3414 note
1343 3369 1384 3412 4.

180 3434 263 3477 28.
299 3430 484 3482 Major-a.
504 3434 570 3474 On
592 3442 725 3474 verra
753 3440 830 3474 ses
859 3433 1035 3487 projets
1060 3436 1126 3485 (X,
1156 3444 1187 3485 1,
1217 3432 1308 3485 1‘1).

184 3492 261 3538 26.
295 3492 495 3537 Theatra.
524 3493 735 3548 Philippe
758 3496 881 3537 avait
898 3493 973 3536 ete
991 3494 1230 3539 assassine
1257 3505 1318 3538 au
1348 3494 1542 3539 theetre.

187 3558 260 3599 5⁷.
299 3552 472 3607 Valere,
500 3566 614 3600 avec
637 3554 868 3608 l'infinitit',
898 3555 1016 3600 n’est
1043 3569 1125 3612 pas
1155 3558 1211 3602 de
1239 3555 1450 3613 l'epoque
1476 3557 1722 3612 classique.
