2517 3975
323 539 390 593 16

323 894 389 947 17

322 1073 390 1127 18

316 1693 384 1746 19

447 235 516 288 72
1208 252 1263 297 Q.
1306 253 1479 293 cun-ri
1518 253 1653 290 Ruri

446 358 797 414 Macedonas
845 359 1186 429 trahebant,
1230 375 1448 415 rursus
1494 346 1937 431 Apollonidi'et
1987 362 2406 432 Athenagorae,

447 463 690 503 suarum
736 449 990 518 partium
1036 449 1202 516 viris,
1238 449 1450 504 urbem
1497 464 1629 527 cum
1668 449 1901 504 modico
1948 450 2225 521 praesidio
2263 453 2409 506 mili·
2491 498 2492 507 ,

446 540 566 591 tum
607 536 805 592 tradit.
845 537 1118 592 Praefecti
1146 538 1472 593 Alexandri
1500 539 1564 591 in
1594 538 1904 594 obsidione
1933 539 2102 593 urbis
2140 556 2412 610 perseve-

445 626 675 695 rabant,
714 641 835 688 non
866 628 985 679 tam
1024 627 1153 680 suis
1192 626 1291 681 fisi
1319 627 1552 680 viribus
1581 641 1758 695 quam
1800 626 2086 696 ipsorum,
2121 629 2222 698 qui
2256 629 2412 684 obsi-

447 714 756 781 debantur,
789 713 1108 769 voluntate.
1139 716 1263 770 Nec
1284 713 1489 769 fefellit
1510 715 1731 785 opinio.
1764 715 2029 786 Namque
2051 716 2208 771 inter
2236 719 2410 789 Apol-

446 803 703 857 lonidem
732 806 788 856 et
816 802 997 856 duces
1027 802 1276 857 militum
1316 805 1446 858 orta
1476 803 1690 857 seditio
1719 803 2088 873 irrumpendi
2119 805 2180 857 in
2211 805 2408 860 urbem

448 894 820 947 occasionem
867 891 1045 946 dedit.
1102 891 1387 964 Cumque,
1416 896 1587 963 porta
1631 891 1893 960 effracta,
1928 893 2193 947 cohors¹⁸
2230 894 2411 950 Mace-

446 980 663 1034 donum
693 981 998 1045 intrasset,
1023 980 1324 1050 oppidani,
1348 980 1490 1036 olim
1511 981 1760 1053 consilio
1785 979 2143 1051 proditionis
2172 984 2406 1052 agitato,

449 1070 774 1139 aggregant
804 1083 869 1121 se
889 1069 1254 1138 Amphotero
1287 1072 1342 1122 et
1368 1068 1708 1140 Hegelocho
1744 1085 1759 1122 t
1795 1068 2226 1139 Persarumque
2266 1086 2413 1139 prae·
2491 1102 2492 1113 κ

446 1157 598 1210 sidio
649 1172 835 1225 caeso,
880 1157 1297 1211 Pharnabazus
1357 1172 1490 1210 cum
1536 1156 1886 1226 Apollonide
1934 1160 1988 1212 et
2035 1157 2412 1229 Athenagora

443 1245 629 1299 vincti
658 1245 1041 1314 traduntur¹⁹,
1065 1263 1148 1299 xu
1170 1247 1449 1300 triremes
1468 1246 1488 1266 *
1508 1261 1641 1301 cum
1664 1261 1773 1300 suo
1803 1245 1991 1301 milite
2022 1262 2088 1299 ac
2109 1248 2411 1317 remige²⁰,

444 1334 659 1402 praeter
708 1348 808 1386 eas
864 1349 987 1385 xxx
1032 1332 1244 1387 inanes
1291 1333 1349 1385 et
1508 1332 1743 1403 piratici
1790 1332 2008 1387 lembi*
2045 1333 2415 1388 Graecorum-

445 1438 557 1493 que
606 1440 671 1475 111
701 1421 883 1475 millia
932 1437 963 1475 a
1016 1420 1222 1475 Persis
1270 1420 1541 1474 mercede
1589 1420 1904 1477 conducta.
1943 1421 2053 1475 His
2082 1421 2144 1474 in
2174 1422 2412 1493 supple-

441 1514 702 1565 mentum
746 1510 1051 1579 copiarum
1095 1524 1339 1563 suarum
1377 1508 1727 1575 distributis,
1760 1509 2085 1579 piratisque
2118 1511 2412 1580 supplicio
2491 1572 2492 1575 Ἴ

443 1600 695 1669 affectiS,
726 1598 996 1668 captivos
1023 1597 1283 1669 remiges
1313 1596 1583 1668 adjecere
1611 1598 1794 1651 classi
1826 1614 1972 1654 suae.

514 1687 690 1740 Forte
719 1687 1120 1750 AristonicuS,
1143 1683 1670 1756 Methymnaeorum
1688 1687 1725 1714 ²¹
1758 1690 2067 1756 tyrannuS,
2097 1701 2231 1741 cum
2259 1688 2418 1757 pira·

443 1776 575 1830 licis
605 1775 878 1841 navibus,
911 1775 1160 1845 ignarus
1191 1775 1455 1828 omnium
1496 1791 1626 1846 quae
1647 1775 1802 1846 apud
1832 1775 2036 1830 Chium
2068 1778 2196 1829 acta
2221 1780 2413 1842 erant,

438 1864 631 1934 prima
660 1861 871 1931 vigilia
891 1862 912 1882 *
941 1862 1012 1915 ad
1040 1864 1242 1933 portus
1270 1864 1528 1917 claustra
1554 1864 1865 1931 successit,
1886 1863 2415 1935 interrogatusque

440 1969 473 2007 a
512 1950 878 2017 custodibuS,
930 1951 1065 2023 quis
1123 1955 1317 2019 esset,
1376 1953 1781 2008 Aristonicum
1835 1952 1907 2007 ad
1961 1948 2416 2009 Pharnabazum

438 2043 643 2097 venire
699 2041 1024 2110 respondit.
1087 2040 1180 2095 Illi
1246 2042 1691 2097 Pharnabazum
1747 2042 1982 2114 quidem
2022 2043 2148 2114 jam
2199 2045 2414 2113 quies-

437 2148 568 2187 cere
616 2133 672 2185 et
715 2146 834 2184 non
866 2146 1042 2200 posse
1091 2133 1215 2184 tum
1253 2130 1425 2197 adiri,
1474 2134 1735 2186 ceterum
1781 2138 1981 2201 patere
2031 2132 2193 2186 socio
2239 2137 2414 2202 atque

432 2222 661 2290 hospiti
700 2222 938 2290 portum
986 2227 1042 2274 et
1087 2221 1329 2287 postero
1387 2220 1483 2274 die
1529 2219 1894 2275 Pharnabazi
1940 2220 2221 2291 copiam⁵²²
2280 2221 2415 2275 fore

350 2335 374 2367 a
436 2310 753 2364 affirmant.
788 2308 911 2362 Nec
967 2306 1257 2364 dubitavit
1293 2307 1675 2370 Aristonicus
1731 2311 1963 2378 primus
2009 2310 2267 2374 intrare;
2315 2327 2418 2366 se-

438 2400 557 2454 cuti
585 2399 725 2452 sunt
763 2396 970 2450 ducem
999 2395 1230 2465 piratici
1258 2395 1437 2451 lembi
1458 2396 1507 2461 *;
1543 2412 1629 2466 ac,
1662 2396 1801 2451 dum
1837 2398 2132 2470 applicant
2166 2398 2419 2470 navigia

437 2485 729 2555 crepidini
769 2487 1001 2555 portuS,
1053 2482 1336 2554 objicitur
1382 2499 1416 2537 a
1459 2484 1749 2555 vigilibus
1802 2486 2146 2555 claustrum,
2195 2488 2273 2552 et,
2309 2488 2420 2557 qui

494 2683 562 2723 18.
599 2677 762 2721 Cohors¹
790 2678 863 2722 n'a
894 2688 979 2732 pas
1023 2676 1084 2721 ici
1121 2677 1166 2719 la.
1203 2677 1514 2732 signification
1542 2678 1860 2735 precise'qu'il
1906 2681 2029 2725 avait
2068 2682 2183 2725 dans
2220 2680 2422 2726 l'armee
2491 2685 2492 2702 ¹

435 2740 664 2792 romaine3
691 2742 724 2783 il
753 2746 829 2784 est
852 2739 1155 2795 l’equivalent
1174 2738 1232 2782 de
1250 2750 1420 2796 manua,
1452 2741 1598 2785 turba.

491 2806 560 2846 19.
596 2801 906 2860 Phar-nulgazua
935 2813 1027 2846 cum
1054 2801 1394 2857 Apollonide...
1442 2803 1694 2850 traduntur.
1727 2808 1793 2848 Un
1842 2804 1965 2858 sujet
2014 2804 2240 2860 singulier
2284 2804 2426 2849 etant

432 2864 550 2920 joint
569 2876 650 2918 par
678 2865 723 2906 la
737 2864 1021 2918 preposition
1048 2876 1141 2907 cum
1161 2861 1188 2906 ὸ,
1211 2864 1416 2909 d'autres
1447 2870 1566 2909 mets
1593 2867 1673 2921 qui
1701 2867 1865 2921 jouent
1885 2866 2151 2921 egalement
2170 2870 2213 2911 le
2239 2869 2335 2913 role
2356 2871 2422 2911 de

433 2928 594 2981 sujeis‚
622 2926 664 2969 le
696 2929 836 2970 verbe
858 2937 911 2972 so
934 2932 1030 2971 met
1048 2932 1247 2971 souvent
1271 2938 1333 2971 au
1362 2928 1550 2981 pluriel.
1574 2928 1673 2983 Ipse
1694 2930 1784 2973 dux
1816 2942 1910 2973 cum
1931 2930 2098 2986 aliquot
2128 2932 2422 2987 principibus

434 2991 664 3044 capiuntur
690 2988 758 3043 (T.
788 2988 902 3044 Liv„
930 2992 1040 3043 xxl,
1068 2989 1164 3043 60).
1190 3010 1243 3021 -
1272 2993 1336 3032 De
1365 2990 1514 3033 meme
1545 3001 1606 3035 en
1632 2992 1834 3047 franceis
1861 3004 1874 3035 ι

697 3084 914 3129 Bertrand
939 3095 1051 3129 avec
1071 3086 1233 3139 Baton,
1264 3086 1363 3129 run
1392 3086 1527 3139 singe
1548 3091 1596 3130 et
1615 3087 1777 3131 l'autre
1798 3089 1920 3141 chat,

699 3149 1034 3196 commensaux
1062 3147 1173 3191 d'un
1195 3149 1330 3202 logis,
1350 3149 1536 3192 avaient
1555 3161 1619 3192 un
1647 3161 1862 3195 commun
1893 3153 2077 3199 maitre.

1511 3296 1515 3302 Ι
1580 3230 1659 3285 (La
1682 3232 1925 3287 Fontaine‚
1950 3236 2020 3284 lx,
2041 3234 2140 3289 16.)

481 3326 553 3371 20.
591 3326 698 3370 Cum
726 3337 806 3370 suo
833 3321 976 3369 mima
1002 3335 1055 3367 ac
1081 3325 1268 3380 remiae.
1297 3327 1388 3370 Sur
1415 3338 1469 3374 ce
1497 3328 1737 3383 singulier,
1767 3328 1832 3375 cf.
1855 3333 1929 3384 111,
1961 3341 1994 3381 ι,
2024 3338 2134 3376 note
2160 3333 2209 3377 3.

366 3369 387 3386 ’
466 3377 552 3435 ⁴21.
588 3388 848 3444 Methymne,
876 3386 903 3430 a
932 3385 1206 3431 l'extremite
1234 3389 1350 3433 nord
1370 3389 1430 3433 de
1451 3385 1548 3434 ffle
1576 3391 1634 3435 de
1662 3391 1851 3443 Lesbos,
1874 3393 1988 3435 etait
2006 3394 2051 3436 la
2075 3393 2283 3439 seconde
2302 3392 2440 3439 vine
2491 3367 2492 3382 ἵ

428 3452 790 3630 ἶθὲἕῗξξςὲἒὲἧι.
842 3514 1143 3566 Comparez,:
1187 3512 1453 3559 Adherbalis
1500 3515 1758 3570 appellandi
1804 3516 1933 3572 copia,
1976 3528 2059 3562 non
2108 3519 2205 3575 suit
2256 3519 2443 3575 (Sall.,
2491 3569 2492 3578 ἵ

459 3587 554 3633 aq„
660 3605 674 3620 .
