2517 3975
298 608 368 670 10

294 883 357 939 11

289 1151 359 1206 12

431 219 536 277 146
1194 237 1248 281 o.
1291 237 1461 275 curm
1502 238 1641 279 nur-1

425 343 656 401 Araxes
695 344 883 399 amnis
920 343 1284 399 ostenderet.
1329 343 1492 398 Haud
1534 345 1737 415 procul
1779 343 2068 399 moenihus
2098 344 2359 398 fluxerat:

423 431 560 486 inde
580 433 790 487 urbem
811 431 1000 487 fuisse
1022 450 1101 486 xx
1121 432 1332 487 stadiis
1347 432 1366 452 *
1390 433 1708 488 distantem
1728 432 1972 487 credunt
1997 432 2184 505 magis
2211 446 2363 502 quam

424 521 622 575 sciunt
649 523 893 577 accolae.

490 609 753 665 Pudebat
799 610 1144 666 Macedones
1197 613 1320 666 tam
1372 611 1723 680 praeclaram
1777 612 1987 666 urbem
2034 627 2068 666 a
2110 610 2364 667 comissa-

418 697 617 755 bundo
646 716 792 772 rege
822 700 1066 755 deletam
1094 716 1253 756 esse.
1286 700 1486 771 Itaque
1516 716 1614 756 res
1646 701 1705 755 in
1758 702 1982 761 serium
2012 717 2188 756 versa
2215 707 2295 754 est
2318 715 2365 767 et
2455 762 2456 765 Ἴ

417 786 859 859 imperaverunt
887 789 1028 857 sihi,
1051 792 1115 844 ut
1141 789 1453 845 crederent
1473 790 1571 845 illo
1603 791 1979 860 potissimum
2008 791 2181 847 modo
2200 789 2365 844 fuisse

418 877 743 934 delendam.
787 879 1010 950 Ipsum,
1054 882 1119 934 ut
1160 879 1420 950 primum
1482 881 1728 952 gravato
1794 881 2084 935 ebrietate
2137 882 2365 934 mentem

417 967 585 1039 quies
624 967 897 1038 reddidit,
930 968 1277 1038 paenituisse
1318 973 1569 1034 constat,
1602 973 1661 1023 et
1709 969 1937 1025 dixisse
1965 968 2226 1042 maj0res
2253 984 2364 1039 poe-

416 1071 527 1110 nas
568 1056 793 1111 Graecis
828 1056 1049 1112 Persas
1079 1057 1325 1112 daturos
1353 1056 1565 1123 fuisse,
1596 1057 1650 1111 si
1679 1057 1878 1127 ipsum
1920 1058 1984 1112 in
2014 1058 2170 1113 solio
2198 1056 2365 1128 regia-

413 1159 526 1215 que
556 1144 775 1199 Xerxis
815 1147 1160 1216 conspicere
1182 1145 1368 1201 coacti
1397 1150 1621 1201 essent.
1649 1146 1898 1201 Postero
1920 1145 2037 1209 die,
2069 1146 2268 1218 Lycio,
2289 1143 2367 1196 iti-

413 1232 603 1300 neris,
653 1248 767 1304 quo
805 1234 1116 1290 Persidem
1162 1234 1505 1303 intraverat,
1557 1234 1712 1301 duci,
1763 1253 1887 1289 xxx
1932 1235 2151 1290 talenta
2177 1235 2195 1255 *
2232 1233 2365 1288 dono

413 1321 590 1377 dedit.

483 1410 636 1465 Hiuc
660 1411 722 1465 in
751 1412 1064 1483 regionem
1101 1413 1309 1468 Mediae
1337 1413 1594 1478 transiit,
1628 1413 1732 1466 ubi
1772 1413 2250 1484 supplementum
2282 1425 2369 1465 no·

413 1515 627 1554 vorum
670 1515 702 1554 e
748 1499 954 1556 Cilicia
998 1502 1248 1556 militum
1293 1496 1578 1557 occurrit.
1612 1501 1886 1556 Peditum
1915 1505 2089 1556 erant
2118 1519 2157 1556 v
2184 1501 2366 1564 millia,

412 1588 642 1659 equites
700 1588 859 1644 mille
919 1609 931 1644 z
991 1589 1259 1661 utrisque
1289 1591 1498 1645 Platon
1528 1587 1916 1645 Atheniensis
1958 1595 2238 1662 praeerat.
2276 1589 2369 1644 His
2457 1624 2458 1627 η

413 1676 603 1748 copiis
638 1679 866 1742 auctus,
906 1679 1153 1734 Darium
1181 1681 1464 1751 persequi
1502 1680 1725 1734 statuit.

1191 1937 1444 1995 CAPUT
1482 1938 1617 1995 VIII

411 2093 666 2143 Discours
687 2093 751 2143 de
775 2092 965 2143 Darius
983 2107 1086 2144 aux
1106 2092 1317 2152 PerseS‚
1339 2093 1466 2156 qu’il
1487 2094 1699 2142 exhorta
1719 2097 1752 2143 a
1774 2107 1874 2142 une
1891 2094 2138 2144 nouvelle
2158 2090 2364 2144 bataille.

1260 2221 1378 2282 (Ete,
1398 2228 1526 2282 330.)

482 2390 611 2445 Ille¹
646 2388 773 2461 jam
799 2387 1124 2443 Ecbatana²
1161 2390 1536 2460 pervenerat.
1577 2387 1769 2459 Caput
1798 2388 2003 2444 Mediae
2032 2391 2186 2446 urbs
2212 2391 2329 2446 haec
2355 2404 2367 2440 ι

412 2491 566 2533 nunc
604 2481 804 2534 tenent
850 2477 1103 2544 Parthi⁸‚
1155 2493 1340 2548 eaque
1394 2478 1601 2531 aestiva
1648 2477 2005 2549 agentibus⁴
2045 2481 2226 2535 sedes
2270 2481 2364 2533 est.
2453 2479 2454 2482 ’

410 2567 588 2622 Adire
620 2567 828 2622 deinde
868 2567 1081 2621 Bactra
1117 2566 1487 2636 decreverat,
1532 2566 1657 2629 sed,
1688 2567 1917 2620 veritus
1962 2584 2037 2621 ne
2081 2568 2367 2623 celeritate

411 2654 734 2709 Alexandri
762 2655 1195 2726 occuparetur-³,
1236 2654 1552 2709 consilium
1582 2655 1809 2726 iterque
1856 2657 2125 2713 mutavit.
2165 2658 2369 2721 Aberat

411 2743 484 2799 ab
507 2758 577 2806 eo
600 2744 938 2799 Alexander
966 2743 1189 2798 stadia*
1209 2760 1310 2812 un,
1336 2742 1441 2798 sed
1463 2742 1583 2814 jam
1614 2744 1841 2798 nullum
1871 2744 2253 2801 intervallum
2279 2744 2368 2799 ad-

408 2847 627 2887 versus
655 2834 1025 2889 velocitatem
1057 2832 1186 2904 ejus
1215 2834 1364 2887 satis
1385 2833 1628 2904 longum
1653 2832 1981 2888 videbatur.
2017 2835 2223 2906 Itaque
2241 2850 2371 2906 proe·
2451 2899 2452 2906 ἵ

412 2922 489 2976 lio
522 2924 714 2993 magis
738 2937 913 2993 quam
936 2922 1096 2995 fugae
1126 2938 1191 2977 se
1220 2922 1615 2993 praeparabat.
1639 2939 1764 2977 xxx
1792 2923 1976 2977 millia
2008 2924 2266 2994 peditum
2285 2938 2369 2976 se·

409 3011 760 3083 quebantur,
793 3013 854 3065 in
883 3012 1098 3084 quibus
1117 3011 1456 3067 Graecorum
1479 3014 1648 3066 erant
1667 3029 1731 3065 111
1752 3011 1955 3080 millia,
1977 3013 2091 3067 fide
2117 3013 2202 3066 illi
2233 3027 2371 3083 erga

459 3202 571 3243 vm.
595 3221 650 3231 —
677 3204 717 3243 1.
757 3199 862 3247 Ille.
891 3200 1079 3244 Darius.
1114 3203 1184 3245 On
1211 3213 1238 3244 a
1263 3211 1347 3257 vu,
1375 3203 1425 3255 v,
1465 3211 1499 3252 1,
1530 3205 1574 3255 9,
1622 3211 1714 3256 que
1752 3200 1917 3244 Darius
1966 3199 2079 3245 s'est
2130 3198 2276 3244 retire
2314 3210 2368 3243 en

403 3263 569 3307 Medic.
996 3297 1007 3306 .

456 3331 503 3369 2.
540 3324 781 3379 Ecbatana,
809 3325 977 3369 uediae.
1009 3325 1080 3369 Cl'.
1115 3329 1166 3377 v,
1198 3338 1303 3377 xm,
1326 3331 1433 3371 note
1462 3326 1505 3370 3.

454 3389 502 3435 3.
537 3389 659 3432 Nune
678 3391 830 3432 tenuat
858 3387 1032 3431 Parcln‘.
1058 3387 1131 3432 Cl'.
1166 3392 1213 3439 v,
1247 3393 1449 3437 vinnote
1468 3393 1542 3433 ¹2.

452 3450 500 3495 4.
534 3451 705 3494 AEstiva
759 3461 915 3503 avere,
971 3450 1243 3502 expression
1301 3450 1521 3495 militaire
1575 3461 1753 3495 comme
1814 3450 2001 3494 hiberna
2054 3460 2196 3504 affere,
2254 3459 2366 3492 avec

401 3513 570 3566 ellipse
599 3513 658 3554 de
689 3516 864 3554 castra.

452 3578 480 3615 5
533 3574 846 3626 occuparetur,
869 3572 968 3615 etre
995 3571 1220 3617 dovance.
