2517 3975
479 187 589 244 340
1243 205 1299 250 Q.
1339 203 1512 243 curm
1547 203 1685 243 nun

357 312 423 368 16
550 314 838 368 Intererat
868 312 1060 384 epulis
1098 312 1430 384 Dioxippus
1468 311 1874 378 Atheniensi8‚
1914 313 2086 386 pugil
2127 314 2352 386 nobiliS,
2378 323 2420 371 et

479 401 554 457 ob
586 401 865 457 eximiam
895 402 1175 458 virtutem
1202 401 1422 455 virium
1451 402 1630 456 etiam
1658 401 1792 470 regi
1826 405 2115 471 pernotus
2146 405 2203 458 et
2226 407 2420 475 gratuS.

479 490 673 545 Invidi
703 489 1069 562 malignique
1099 490 1503 561 increpabant,
1536 505 1645 560 per
1673 491 1833 544 seria
1859 493 1917 544 et
1937 491 2169 561 ludum,
2200 493 2423 564 saginati

480 578 753 649 corporis
782 579 954 649 sequi
981 578 1249 634 inutilem
1282 578 1515 634 heluam
1535 578 1591 631 ἐ
1625 594 1758 632 cum
1778 579 1897 648 ipsi
1918 579 2195 649 proelium
2216 581 2422 645 inirent,

358 666 423 722 17
481 668 611 723 oleo
642 667 975 723 madentem
1003 682 1344 738 praeparare
1375 670 1643 721 ventrem
1674 667 1886 738 epulis.
1922 668 2148 722 Eadem
2189 668 2354 740 igitur
2377 670 2428 722 in

481 756 758 811 convivio
778 756 798 773 ¹*
830 756 1117 810 Horratas
1147 755 1409 822 Macedo,
1436 755 1562 826 jam
1590 755 1973 823 temulentuS,
2007 758 2358 827 exprobrare
2381 758 2427 812 ei

483 846 678 915 coepit‚
706 848 762 900 et
790 845 1094 915 postulare
1122 848 1207 913 ut,
1234 846 1290 898 si
1319 844 1415 898 vir
1444 847 1623 911 esset,
1656 848 1897 913 postero
1929 845 2023 899 die
2055 861 2266 899 seeum
2294 846 2425 900 ferro

481 933 828 989 decerneret
862 948 876 985 z
921 955 941 980 ‹·
978 948 1181 1004 regem
1218 931 1452 988 tandem
1483 930 1575 986 vel
1622 932 1694 986 de
1742 948 1853 986 sua
1890 934 2222 988 temeritate
2250 934 2340 988 vel
2370 934 2426 987 de

361 1023 429 1077 18
483 1020 644 1076 illius
693 1021 935 1090 ignavia
976 1019 1401 1092 judicaturum.
1448 1043 1469 1068 »
1523 1019 1595 1074 Et
1639 1036 1673 1073 a
1720 1021 2038 1090 Dioxippe,
2071 1022 2424 1092 contemptim

483 1109 795 1164 militarem
808 1109 1112 1165 eludente·
1143 1108 1448 1175 ferociam,
1473 1113 1709 1181 accepta
1739 1110 2009 1165 condicio
2041 1115 2167 1174 est;
2199 1127 2287 1179 ac,
2316 1127 2423 1181 pos-

481 1201 610 1252 tero
639 1197 754 1265 die,
786 1213 916 1265 rex,
948 1214 1079 1253 cum
1107 1198 1285 1254 etiam
1314 1197 1512 1253 acrius
1543 1202 1839 1252 certamen
1868 1203 2284 1269 exposcerent,
2314 1199 2421 1269 quia

481 1285 782 1342 deterrere
811 1302 932 1343 non
963 1288 1205 1357 poterat,
1246 1286 1539 1341 destinata
1576 1287 1822 1357 exsequi
1857 1303 2075 1357 passus
2117 1290 2232 1342 est.

359 1396 427 1453 19
554 1390 776 1463 Ingens
821 1394 919 1449 vis
967 1393 1236 1464 militum,
1286 1392 1440 1447 inter
1478 1408 1629 1464 quos
1676 1395 1844 1448 erant
1886 1393 2097 1458 Graeci,
2154 1394 2414 1464 Dioxippo

482 1483 815 1538 studebant.
840 1482 1080 1538 Macedo
1100 1482 1270 1554 justa
1299 1482 1495 1537 arma⁰
1515 1485 1872 1553 sumpserat,
1895 1498 2115 1537 aereum
2136 1483 2414 1553 clipeum*,

482 1570 712 1626 hastam
730 1570 771 1640 *,
797 1587 970 1642 quam
991 1572 1281 1627 sarissam
1299 1571 1321 1593 *
1344 1573 1579 1640 vocant,
1605 1570 1756 1626 laeva
1783 1575 2014 1642 tenenS,
2047 1571 2296 1626 dextera
2321 1572 2416 1625 lan·

481 1675 645 1715 ceam
666 1661 707 1730 *‚
738 1659 1094 1733 gladioque*
1123 1659 1378 1730 cinctus,
1410 1660 1571 1715 velut
1601 1675 1733 1714 cum
1761 1660 2034 1729 pluribus
2063 1660 2244 1715 simul
2270 1661 2414 1714 dimi·

358 1753 428 1808 20
482 1754 739 1803 caturus.
763 1749 1114 1819 Dioxippus,
1138 1748 1271 1802 oleo
1294 1748 1490 1802 nitens
1519 1750 1575 1802 et
1595 1751 1927 1815 coronatus,
1952 1747 2103 1802 laeva
2135 1750 2412 1819 puniceum

482 1836 812 1904 amiculum,
836 1836 1042 1892 dextra
1062 1835 1325 1890 validum
1344 1834 1755 1907 nodosumque
1782 1837 2046 1907 stipitem
2070 1836 2410 1907 praeferebat.
2462 1855 2463 1866 ¹

479 1923 566 1978 Ea
611 1925 740 1996 ipsa
784 1940 886 1979 res
927 1924 1193 1979 omnium
1232 1924 1465 1979 animos
1509 1925 1948 1996 exspectatione
1996 1927 2407 1997 suspenderat:
2462 1903 2463 1956 ¹

478 2014 695 2085 quippe
724 2015 946 2069 armato
976 2014 1259 2087 congredi
1299 2012 1520 2068 nudum
1538 2014 1611 2080 ¹⁰,
1640 2014 1930 2069 dementia
1951 2055 1965 2079 ‚
1995 2032 2116 2070 non
2148 2015 2410 2070 temeritas

356 2110 419 2164 21
478 2102 807 2159 videbatur.
857 2103 1048 2174 Igitur
1095 2102 1352 2171 Macedo,
1400 2101 1556 2155 haud
1604 2102 1821 2156 dubius
1838 2104 1875 2130 ¹¹
1919 2105 2156 2158 eminus
2194 2098 2414 2157 interfici
2460 2166 2461 2169 Ἴ

476 2206 659 2263 posse
686 2192 747 2259 ¹²,
796 2192 1061 2246 lanceam
1089 2189 1110 2212 *
1150 2190 1350 2245 emisit
1381 2207 1394 2243 ε
1446 2205 1621 2262 quam
1668 2191 2001 2261 Dioxippus
2051 2208 2184 2246 cum
2231 2191 2412 2262 exigua
2460 2172 2461 2209 ἶ

478 2281 745 2352 corporis
772 2280 1163 2335 declinatione
1194 2279 1465 2345 vitasset,
1495 2286 1806 2348 antequam
1835 2278 1931 2333 ille
1955 2278 2185 2334 hastam
2202 2278 2223 2296 *
2250 2282 2413 2333 trans-

476 2368 708 2424 ferret¹⁸
736 2369 798 2423 in
828 2369 1115 2431 dextram.
1149 2367 1412 2434 assiluit,
1444 2369 1502 2421 et
1540 2367 1741 2436 stipite
1787 2367 2043 2422 mediam
2083 2384 2206 2423 eam
2242 2365 2411 2435 fregit.
2458 2410 2459 2431 ,

355 2465 422 2519 22
477 2459 715 2515 Amisso
746 2461 996 2527 utroque
1023 2456 1138 2512 telo
1157 2455 1201 2521 *,
1231 2453 1469 2511 Macedo
1499 2455 1796 2526 gladium*
1825 2461 2085 2527 coeperat
2115 2455 2403 2528 stringere.
2458 2440 2459 2463 ¹

477 2546 662 2610 Quem
693 2548 1042 2615 occupatum
1055 2545 1097 2573 ¹⁴
1124 2544 1463 2614 complexu,
1500 2544 1750 2612 pedibus
1780 2548 2026 2614 repente
2058 2543 2344 2600 subductis
2361 2539 2408 2599 ¹⁵,

479 2635 811 2705 Dioxippus
848 2633 1119 2688 arietavit
1136 2632 1179 2661 ¹⁶
1207 2634 1269 2686 in
1306 2635 1547 2700 terram,
1584 2635 1907 2702 ereptoque
1945 2633 2142 2704 gladio
2164 2633 2205 2701 *,
2234 2629 2407 2701 pedem
2456 2652 2457 2665 κ

529 2917 572 2954 7.
598 2907 795 2961 Beluam,
817 2907 940 2963 sujet
964 2906 1021 2951 de
1039 2904 1182 2962 sequi.

526 2971 569 3016 8.
599 2970 832 3023 Eludente,
855 2981 1029 3014 comme
1057 2967 1284 3018 illudente,
1314 2964 1528 3010 irridente

527 3033 569 3077 9.
599 3033 730 3077 Iusta
758 3044 896 3086 arma,
915 3031 984 3075 les
1006 3040 1158 3075 armes
1183 3026 1454 3071 ordinati-es.

526 3095 596 3138 10.
627 3094 810 3150 Nudum,
843 3106 951 3139 sans
988 3104 1163 3139 armes.

530 3158 596 3200 11.
626 3156 754 3200 Haud
771 3157 944 3209 dubim,
973 3167 1088 3200 avec
1103 3157 1149 3198 la
1175 3150 1458 3211 proposition
1480 3151 1726 3201 infinitiva.
1755 3155 1824 3200 ct'.
1853 3158 1922 3208 lv,
1946 3166 2049 3208 xm,
2078 3156 2183 3198 note
2201 3149 2263 3195 80.

529 3218 602 3263 12.
634 3218 788 3271 Posse,
811 3220 976 3274 ellipse
1004 3219 1068 3263 du
1096 3218 1223 3272 sujet
1250 3230 1367 3262 eum.

530 3283 602 3323 13.
637 3278 894 3331 Antequam,
914 3291 1028 3324 avec
1057 3281 1102 3324 le
1130 3281 1405 3335 subjunctis.
1438 3283 1511 3328 Cf.
1538 3285 1611 3335 ΙΙΙ,
1628 3293 1709 3334 vu,
1733 3285 1841 3325 note
1868 3284 1937 3326 26.

529 3343 600 3381 14.
639 3337 912 3391 Oce-apamen,
943 3341 1052 3384 saisi
1076 3350 1213 3386 avant
1231 3344 1345 3398 qu’il
1368 3345 1450 3391 em
1468 3344 1556 3390 tire
1584 3343 1748 3399 l'epee.

530 3402 596 3439 15.
626 3397 815 3439 Pedibus
840 3401 1085 3455 subductis,
1115 3405 1231 3449 c’est
1257 3408 1300 3450 le
1322 3418 1431 3452 croc
1460 3419 1520 3453 en
1547 3406 1720 3461 jambe.

474 3456 864 3571 ωὲἓὲἱέζὲειαυὶε,
889 3461 1189 3509 e’est-a-dire
1216 3468 1341 3513 modo
1380 3469 1566 3523 arietis,
1594 3467 1785 3523 impulsu
1807 3468 2065 3522 prostravit.
2093 3459 2290 3510 Leontion
2311 3461 2387 3497 non
2448 3492 2449 3509 1
