2517 3975
647 236 1048 276 fflsromamm
1085 237 1418 277 ALExAxnm
1454 238 1537 289 lv,
1577 241 1636 277 x.
2058 225 2132 281 93

192 343 326 413 quod
361 345 614 399 nondum
658 346 952 402 sentiebat
996 346 1403 418 calamitatem,
1445 364 1518 403 ex
1558 348 1813 403 maxima
1852 353 2016 419 parte
2055 350 2129 405 ad

189 433 359 502 ipsum
399 433 837 489 redundantem.
872 433 1163 490 Crederes
1207 435 1611 490 Alexandrum
1656 436 1808 491 inter
1845 454 1988 492 suas
2016 453 2127 492 ne-

190 521 608 578 cessitudines¹⁸
645 523 805 591 flere,
840 524 897 578 et
935 523 1153 578 solacia
1194 539 1314 578 non
1358 524 1658 592 adhibere,
1692 526 1797 579 sed
1836 540 2123 597 quaerere.

188 607 313 664 Cibo
355 614 509 666 certe
565 611 865 672 abstinuit,
917 626 1270 681 omnemque
1326 611 1611 668 honorem
1667 613 1885 678 funeri,
1931 616 2125 685 patrio

187 698 474 752 Persarum
505 715 689 767 more,
714 700 982 755 servavit
1007 713 1022 753 :
1046 698 1285 773 dignuS,
1305 699 1565 767 hercule,
1590 701 1865 770 quinunc
1894 717 2128 773 quoque

188 787 340 842 tantae
368 791 421 842 et
452 788 923 843 mansuetudinis
956 791 1013 843 et
1042 788 1423 843 continentiae
1451 789 1600 843 ferat
1629 788 1907 844 fructum.
1932 788 2128 845 Semel

186 876 395 930 omnino
425 869 556 930 eam
583 876 829 943 viderat,
853 892 969 947 quo
1003 877 1098 932 die
1126 879 1296 946 capta
1324 888 1433 944 est,
1466 894 1575 932 nec
1603 878 1669 931 ut
1695 877 1901 948 ipsam,
1930 879 2039 933 sed
2062 882 2126 934 ut

184 962 328 1017 Darii
366 968 608 1029 matrem
638 965 889 1031 videret,
933 965 1329 1035 eximiamque
1370 967 1871 1035 pulchritudinem
1914 967 2126 1023 formae

187 1051 301 1123 ejus
324 1068 438 1108 non
468 1053 736 1108 libidinis
767 1054 1055 1109 habuerat
1083 1054 1557 1122 invitamentum,
1591 1054 1698 1110 sed
1729 1055 1966 1128 gloriae.

242 1141 286 1194 E
322 1142 677 1213 spadonibus
738 1143 836 1213 qui
881 1144 1038 1197 circa
1077 1143 1345 1215 reginam
1390 1146 1575 1210 erant,
1620 1145 1913 1215 Tyriotes,
1973 1146 2128 1200 inter

185 1230 603 1300 trepidationem
632 1230 958 1302 lugentium
988 1231 1227 1302 elapsus
1253 1247 1362 1301 per
1386 1246 1516 1285 eam
1535 1236 1781 1302 portam,
1805 1248 1955 1302 quae,
1990 1234 2125 1304 quia

185 1319 244 1372 ab
266 1317 424 1374 hoste
466 1335 680 1375 aversa
723 1323 866 1388 erat,
904 1319 1097 1374 levius
1128 1320 1591 1384 custodiebatur,
1637 1321 1712 1376 ad
1740 1320 1904 1375 Darii
1932 1326 2125 1378 castra

159 1409 447 1479 pervenit,
492 1411 896 1479 exceptusque
944 1425 976 1462 a
1015 1408 1327 1480 vigilibus»,
1372 1409 1431 1462 in
1481 1409 1921 1464 tabernaculum
1964 1412 2127 1482 regis

182 1496 512 1567 perducitur,
544 1510 817 1566 gemenS,
850 1499 906 1551 et
948 1501 1116 1551 veste
1153 1495 1426 1552 lacerata.
1475 1495 1658 1562 Quem
1704 1501 1769 1551 ut
1814 1499 2127 1568 conspexit

184 1576 394 1650 Darius,
423 1585 731 1654 multiplici
769 1583 991 1638 doloris
1033 1585 1470 1654 exspectatione
1512 1588 1862 1651 commotuS‚
1894 1588 1949 1640 et
1988 1587 2128 1654 quid

182 1673 533 1741 potissimum
564 1672 798 1727 timeret
827 1673 1090 1727 incertus
1122 1690 1134 1726 :
1173 1694 1195 1720 α
1236 1673 1468 1739 Vultus,
1502 1673 1714 1743 inquit,
1752 1676 1889 1728 tuus
1919 1676 2125 1730 nescio
2165 1702 2168 1707 ·

185 1760 318 1829 quod
348 1761 567 1832 ingens
593 1761 811 1815 malum
837 1759 1096 1831 praefert,
1131 1761 1239 1815 sed
1277 1777 1419 1815 cave
1449 1760 1653 1816 miseri
1680 1761 1937 1817 hominis
1967 1763 2127 1817 auri-

183 1845 279 1901 bus
310 1865 514 1918 parcas
562 1864 576 1903 t
622 1849 801 1903 didici
835 1864 968 1904 esse
1000 1850 1231 1917 infelix,
1272 1853 1327 1904 et
1371 1866 1531 1921 saepe
1573 1851 1922 1906 calamitatis
1973 1853 2126 1906 sola-

184 1934 318 1991 cium
344 1942 428 1994 est
456 1953 638 1994 nosse
668 1941 885 1993 sortem
929 1953 1114 1995 suam.
1149 1938 1327 2007 Num,
1374 1939 1523 2009 quod
1569 1940 1818 1995 maxime
1851 1941 2126 2010 suspicor

185 2028 234 2078 et
257 2026 484 2097 eloqui¹⁸
512 2029 713 2094 timeo,
738 2026 995 2081 ludibria
1023 2043 1290 2082 meorum
1320 2030 1697 2082 nuntiaturus
1736 2043 1823 2095 οε,
1845 2029 2009 2097 mihi,
2044 2032 2123 2095 et,

184 2114 240 2164 ut
263 2116 443 2186 cred0,
472 2117 629 2186 ipsis
673 2130 905 2186 quoque
948 2117 1109 2170 omni
1139 2117 1399 2169 tristiora
1447 2115 1778 2185 supplicio?
1811 2138 1833 2164 »
1878 2116 1969 2168 Ad
1998 2115 2125 2179 haec

181 2199 472 2272 Tyriotes:
519 2204 740 2261 «Istud
780 2203 1016 2276 quidem
1055 2205 1263 2273 procul
1308 2204 1498 2268 abest,
1541 2204 1731 2273 inquit
1763 2219 1777 2259 :
1834 2206 2123 2274 quantus-

182 2302 404 2362 cumque
433 2293 596 2348 enim
636 2292 862 2364 reginis
890 2292 1084 2346 honos
1128 2292 1197 2347 ab
1230 2292 1345 2362 bis,
1377 2291 1478 2362 qui
1517 2293 1747 2361 parent,
1778 2290 1982 2345 haberi
2019 2307 2127 2361 po-

179 2378 295 2446 test,
344 2382 464 2436 tuis
511 2398 544 2435 a
581 2381 804 2436 victore
845 2382 1120 2435 servatus
1160 2379 1271 2451 est,
1306 2381 1411 2436 sed
1446 2396 1598 2437 uxor
1636 2383 1737 2434 tua
1769 2380 1945 2450 paulo
1990 2383 2123 2435 ante

181 2471 410 2525 excessit
450 2487 485 2525 e
526 2470 674 2524 vita.
714 2481 741 2521 θ)

237 2556 388 2614 Tunc
428 2575 575 2614 vero
622 2575 741 2613 non
789 2559 1048 2628 gemitus
1091 2559 1286 2626 modo,
1322 2559 1427 2614 sed
1467 2558 1640 2613 etiam
1684 2556 1940 2629 ejulatus
1980 2558 2123 2613 totis

180 2647 370 2701 castris
409 2645 901 2702 exaudiebantur.
934 2647 1059 2702 Nec
1086 2646 1375 2701 dubitavit
1404 2646 1618 2700 Darius
1648 2646 1788 2715 quin
1819 2644 2123 2702 interfecta

178 2737 341 2803 esset,
390 2737 530 2807 quia
590 2736 893 2806 nequisset
942 2736 1358 2791 coutumeliam
1408 2735 1665 2804 perpeti,
1699 2734 2123 2806 ,exclamatque

178 2834 361 2878 amens
388 2825 596 2880 dolore
630 2841 644 2877 z
682 2847 702 2871 α
737 2823 906 2889 Quod
932 2839 1048 2895 ego
1080 2827 1309 2877 tantum
1337 2822 1507 2878 nefas
1526 2822 1813 2889 commisi,
1859 2821 2121 2878 Alexan-

177 2906 306 2966 der?
345 2928 521 2984 quem
563 2916 800 2967 tuorum
836 2912 1309 2984 propinquorum
1356 2910 1585 2978 necavi,
1630 2914 1693 2964 ut
1737 2911 1887 2965 hanc
1933 2911 2122 2965 vicem

175 2999 438 3056 redderes
467 3001 715 3056 saevitiae
744 3001 934 3057 meae?
965 3001 1154 3056 Odisti
1180 3017 1275 3056 me
1297 3016 1438 3069 non,
1461 2999 1696 3071 quidem
1723 3003 2079 3070 provocatus
2103 3017 2118 3054 z

216 3184 282 3227 15.
312 3186 683 3232 Necessitudines.
732 3186 1018 3231 Necessitudo
1061 3185 1247 3241 signifie
1291 3183 1807 3241 metaphoriquement:
1844 3184 1935 3230 llen
1967 3183 2120 3239 e'troit,

174 3252 357 3299 rapports
377 3249 571 3303 intimes,
582 3251 790 3305 parente}
805 3249 1032 3303 Juqurtltae
1055 3250 1153 3304 {itia
1172 3248 1333 3292 Bocchi
1353 3252 1585 3303 nupserat,
1613 3259 1760 3291 verum
1774 3259 1825 3290 ea
1844 3246 2121 3290 necessitudo

173 3308 269 3359 apud
296 3310 508 3355 Numidas
534 3313 792 3367 Maurosque
819 3312 931 3356 levis
959 3312 1154 3355 ducitur.
1187 3313 1317 3355 cette
1361 3309 1555 3365 parente
1589 3310 1746 3366 (Sall.,
1777 3309 1902 3363 Jua„
1933 3312 1986 3351 80
2013 3308 2116 3364 fin).

173 3370 228 3411 Au
252 3372 431 3425 pluriel,
461 3375 574 3419 dans
594 3374 639 3419 le
669 3386 778 3419 sens
807 3379 1012 3425 concret,
1043 3373 1112 3417 les
1145 3374 1259 3416 amis
1282 3373 1475 3420 intimes,
1508 3372 1577 3416 les
1598 3375 1805 3426 parents.
1840 3369 2029 3414 Remi-sit
2052 3373 2121 3413 ta-

175 3439 254 3476 men
272 3433 391 3478 hosti
411 3437 612 3487 judicato
640 3437 994 3481 necessitudines
1021 3436 1271 3490 amicosque
1298 3448 1442 3479 omnes
1466 3433 1702 3490 (Suetone,
1733 3434 1870 3485 Aua„
1897 3430 1989 3483 17).

176 3555 190 3593 ι
216 3495 281 3541 16.
318 3497 462 3540 Timeo
483 3500 646 3555 eloqui.
685 3501 848 3555 Time0,
868 3491 981 3544 aiec
1009 3497 1243 3552 rinfinitif,
1272 3503 1348 3543 est
1365 3509 1470 3543 rare
1488 3496 1605 3542 dans
1629 3497 1672 3538 la
1700 3496 1852 3539 bonne
1871 3502 2023 3547 prose.
2039 3491 2113 3535 Ct'.

192 3558 233 3610 V,
251 3568 282 3611 1,
301 3562 412 3604 note
435 3560 505 3607 2⁰.

2179 1946 2249 2000 ⁹27

2178 2123 2249 2178 28
