2517 3975
688 226 1085 281 msrominuu
1122 239 1457 281 »maximnm
1495 242 1553 294 v,
1596 243 1655 279 v.
2063 227 2166 283 137

200 349 406 401 terram
429 348 825 420 detrahenteS‚
846 350 1114 419 ipsorum
1136 350 1302 403 telis*
1317 350 1636 420 plerosque
1659 349 1980 408 fodiebant.
2002 352 2167 407 Ario-

199 435 478 490 barzanes
517 439 732 509 tamen,
773 455 848 492 xi.
878 438 1062 493 ferme
1095 437 1396 508 equitibus
1440 441 1497 492 et
1533 455 1572 491 v
1604 438 1868 493 millibus
1901 439 2166 510 peditum

199 521 460 593 stipatus,
495 541 603 594 per
630 526 882 580 mediam
913 528 1099 582 aciem
1133 526 1512 580 Macedonum
1548 542 1681 581 cum
1708 529 1890 582 multo
1923 544 2168 583 suorum

196 614 364 681 atque
412 613 671 668 hostium
720 612 1011 687 sanguine
1057 617 1273 684 erupit,
1321 615 1687 685 Persepolim
1723 616 1953 683 urbem,
1994 620 2167 687 caput

193 701 457 771 regionis
498 717 786 772 occupare
835 703 1149 758 festinanS.
1181 702 1297 758 Sed
1328 718 1361 757 a
1390 704 1739 758 custodibus
1770 705 1939 759 urbis
1970 706 2170 760 exclu-

195 788 371 859 sus’⁸,
410 792 747 845 consecutis
787 794 1026 846 strenue
1073 791 1372 860 hostibus,
1407 807 1539 845 cum
1570 792 1845 846 omnibus
1875 792 2033 864 fugae
2071 810 2168 849 co-

194 877 430 932 mitibus
468 883 752 935 renovato
800 881 1010 950 proelio
1057 880 1287 936 cecidit.
1348 881 1630 936 Craterus
1660 897 1911 953 quoque,
1955 883 2167 952 raptim

192 967 424 1038 agmine
465 971 613 1039 acte,
646 970 1021 1039 supervenit.
1906 978 1910 983 “

1009 1217 1260 1274 CAPUT
1300 1218 1351 1272 V

189 1368 398 1416 Marche
427 1380 525 1418 sur
554 1367 876 1434 Persepolis.
904 1398 965 1407 —
991 1371 1283 1420 Alexandra
1312 1374 1590 1421 rencontre
1620 1378 1803 1434 quatre
1832 1372 1974 1421 mille
2004 1373 2166 1422 Grecs

813 1451 1025 1500 mutiles
1070 1466 1164 1513 par
1200 1453 1279 1500 les
1319 1452 1537 1501 Perses.

960 1582 1137 1637 (Hiver,
1164 1582 1399 1636 331-330.)

260 1741 393 1796 Rex
414 1741 620 1795 eodem
641 1740 791 1809 loco,
815 1758 929 1811 quo
961 1742 1221 1796 hostium
1250 1742 1452 1812 copias
1483 1741 1727 1813 fuderat,
1752 1741 1984 1798 castra*
2008 1757 2168 1797 com·

188 1830 406 1884 munit.
457 1828 820 1899 Quamquam
877 1832 1036 1885 enim
1078 1830 1336 1902 undique
1380 1831 1566 1902 fugati
1612 1831 1814 1886 hostes
1858 1832 2167 1886 victoriam

188 1921 628 1990 concesserant,
660 1922 854 1974 tamen
884 1921 1145 1990 praealtae
1174 1919 1627 1991 praecipitesque
1658 1920 1864 1989 fossae,
1895 1919 2167 1991 pluribus

189 2006 334 2061 locis
382 2006 655 2078 obJectae,
705 2008 1062 2077 abruperant
1103 2009 1235 2076 iter,
1272 2009 1619 2076 sensimque
1648 2011 1705 2063 et
1733 2013 1899 2063 caute
1926 2022 2169 2079 progre-

192 2096 467 2151 diendum
510 2100 656 2161 erat,
684 2096 811 2168 jam
850 2113 964 2150 non
1009 2098 1287 2168 hostium,
1317 2097 1424 2151 sed
1472 2096 1742 2151 locorum
1785 2096 1991 2151 fraude
2028 2111 2164 2150 sus·

192 2185 379 2252 pecta.
420 2183 766 2238 Procedenti
798 2185 851 2239 ei
881 2185 1091 2238 litterae
1124 2184 1455 2238 redduntur
1483 2200 1516 2237 a
1558 2184 1869 2253 Tiridate¹,
1920 2183 2164 2238 custode

191 2272 456 2340 pecuniae
486 2273 689 2344 regiae,
721 2272 1049 2327 indicantes
1087 2288 1210 2343 eos,
1246 2273 1349 2341 qui
1385 2272 1448 2327 in
1494 2272 1672 2327 urbe²
1702 2275 1924 2340 esseut,
1968 2271 2164 2326 audito

193 2360 330 2430 ejus
357 2360 636 2427 adventu,
668 2360 919 2430 diripere
949 2361 1102 2414 velle
1125 2360 1478 2414 thesauros:
1509 2363 1855 2430 properaret
1876 2374 2165 2430 occupare

190 2447 503 2503 thesauros
534 2449 817 2505 dimissos
850 2468 862 2503 ι
886 2449 1222 2520 expeditum
1245 2451 1357 2503 iter
1386 2465 1541 2518 esse,
1565 2464 1915 2519 quamquam
1935 2448 2166 2504 Araxes

190 2537 384 2599 amnis
413 2537 709 2592 interfluat
723 2539 763 2591 ³.
798 2538 1031 2592 Nullam
1063 2538 1338 2592 virtutem
1370 2539 1532 2611 regis
1552 2536 1781 2608 justius
1812 2552 1986 2608 quam
2015 2536 2165 2592 cele-

191 2622 420 2679 ritatem
470 2626 830 2681 laudaverim
884 2644 896 2681 :
938 2626 1160 2681 relictis
1187 2627 1568 2697 pedestribus
1601 2627 1809 2696 copiis,
1843 2628 1963 2681 tota
1997 2629 2165 2681 nocte

190 2715 399 2767 vectus
452 2729 585 2769 cum
640 2715 955 2785 equitibuS,
1006 2715 1235 2770 itineris
1284 2719 1443 2770 tanto
1511 2716 1703 2785 spatio
1755 2715 2038 2786 fatigati5‚
2092 2715 2166 2769 ad

193 2799 457 2857 Araxen⁴
492 2804 681 2872 prima
711 2804 842 2857 luce
870 2805 1161 2874 pervenit.
1192 2804 1323 2859 Vici
1341 2806 1506 2859 erant
1535 2804 1598 2858 in
1626 2804 1960 2876 propinquo
1988 2821 2001 2861 ε
2036 2805 2167 2875 qui-

196 2893 309 2950 bus
339 2898 566 2966 dirutiS‚
608 2904 845 2971 pontem
870 2917 940 2955 ex
970 2902 1216 2955 materia
1238 2915 1445 2956 eorum
1488 2901 1744 2955 subditis
1781 2902 1945 2955 saxis
1965 2903 1984 2929 ⁸
2022 2905 2167 2957 stre-

202 2999 313 3039 nue
345 2987 586 3044 induxit.

253 3180 324 3221 28.
355 3178 581 3236 Exclu-rua,
608 3180 834 3236 empeche
865 3182 1081 3226 d'entrer.

256 3240 309 3282 V.
330 3264 375 3274 -
399 3244 437 3286 1.
466 3244 649 3288 Littera:
672 3256 699 3288 a
730 3245 947 3289 Tiridate.
977 3244 1048 3291 Cf.
1076 3244 1148 3298 lv,
1177 3256 1206 3297 1,
1237 3248 1344 3287 note
1368 3249 1414 3290 6.

257 3298 300 3344 2.
333 3303 453 3356 Urbe,
470 3306 739 3360 Persepolis.

260 3360 303 3405 3.
335 3364 590 3423 Quamquam
614 3370 858 3422 interfluat.
885 3372 943 3412 Le
965 3367 1228 3424 summotis,
1249 3370 1293 3411 la
1323 3367 1608 3423 proposition
1634 3364 1961 3416 subordonnee
1985 3366 2135 3421 depen
2157 3393 2161 3396 -

210 3421 314 3465 dant
332 3427 458 3473 d'une
482 3431 764 3486 proposition
790 3433 816 3475 a
840 3431 1081 3477 l'inflnitif.
1102 3430 1175 3476 Cf.
1204 3433 1276 3484 111,
1304 3442 1354 3487 11,
1385 3435 1491 3475 note
1514 3430 1585 3475 27.

264 3484 307 3527 4.
338 3489 517 3536 Araxen.
548 3493 631 3538 Cf..
654 3497 789 3550 V,1v‚
819 3500 926 3537 note
946 3499 992 3539 9.

264 3549 307 3591 ὅ.
340 3550 526 3599 Subdiu-³
548 3557 674 3601 saxia
692 3569 751 3601 au
779 3556 910 3601 datis.

2225 354 2297 409 33

2221 705 2292 763 34

2219 2815 2252 2867 4
