2517 3975
548 249 937 287 ffls‘romAnma
974 248 1307 287 AmxANnm
1346 249 1425 298 ix,
1459 249 1582 286 vm.
1937 230 2047 285 343

89 354 316 424 imperii
354 353 606 408 donatus
635 359 728 409 est
750 355 989 410 finibus.
1022 356 1345 410 Musicanis
1392 354 1606 409 deinde
1653 354 1715 407 in
1752 353 2047 408 dicionem

85 442 361 506 redactis,
391 442 529 495 urbi
558 459 767 497 eorum
797 441 1143 514 praesidium
1171 444 1474 513 imposuit.

159 529 299 584 Inde
328 530 408 583 ad·
433 530 691 585 Praestos
710 531 747 597 ⁸,
771 534 831 586 et
851 533 1041 602 ipsam
1073 532 1253 586 Indiae
1286 535 1538 604 gentem,
1557 531 1911 601 perventum
1935 532 2044 583 est.
2102 532 2166 587 11

90 617 435 673 Porticanus
464 635 572 672 rex
602 622 745 687 erat,
780 621 880 691 qui
909 635 975 674 se
1006 620 1247 674 munitae
1278 620 1411 674 urbi
1442 635 1575 673 cum
1622 634 1835 689 magna
1870 634 2050 671 manu

88 707 461 778 popularium
490 707 808 762 incluserat
821 707 863 763 ⁹.
895 708 1062 763 Hanc
1101 709 1457 775 Alexander,
1490 708 1664 763 tertio
1691 707 1784 760 die
1814 722 1990 777 quam
2010 704 2049 732 ¹⁰

85 797 346 864 coepemt
375 793 671 861 obsidere,
701 796 1086 868 expugnavit.
1113 796 1185 850 Et
1204 797 1577 860 Porticanus,
1606 810 1739 849 cum
1762 794 1826 846 in
1852 809 2048 847 arcem
2106 799 2172 853 12

86 882 481 954 confugisset,
500 884 726 956 legatos
748 885 819 939 de
839 884 1180 941 condicione
1197 885 1515 940 deditionis
1537 884 1697 938 misit
1721 883 1791 937 ad
1806 898 2044 954 regem:

91 972 216 1039 sed,
247 974 555 1041 antequam
586 972 813 1029 adirent
842 990 995 1042 enm,
1016 975 1147 1028 duae
1177 978 1375 1029 turres
1405 990 1539 1028 cum
1569 973 1788 1044 ingenti
1808 972 2047 1042 fragore

89 1060 482 1131 prociderant,
514 1078 621 1131 per
649 1077 898 1133 quarum
927 1063 1134 1117 ruinas
1162 1063 1518 1117 Macedones
1563 1078 1805 1117 evasere
1850 1061 1912 1113 in
1948 1076 2047 1113 ar-

89 1166 253 1213 cem;
290 1164 408 1219 quas
438 1154 627 1219 capta,
671 1152 1023 1205 Porticanus
1065 1167 1203 1205 cum
1247 1152 1457 1221 paucis
1503 1167 1848 1222 repugnans
1894 1149 2049 1205 occi-

85 1238 269 1291 ditur.

160 1326 364 1379 Diruta
391 1325 573 1397 igitur
599 1342 751 1393 arce,
779 1331 835 1381 et
868 1327 1144 1381 omnibus
1182 1327 1432 1395 captivis
1464 1326 1856 1394 venumdatis,
1890 1326 2054 1380 Sam·
2109 1330 2177 1385 13

90 1413 199 1469 hin
226 1415 385 1486 regis
415 1415 567 1469 fines
596 1417 911 1486 ingressus
962 1419 1080 1486 est3
1132 1416 1454 1485 multisque
1499 1414 1728 1485 oppidis
1774 1415 1835 1467 in
1878 1415 2053 1469 fidem

93 1505 367 1574 acceptis,
394 1505 817 1558 validissimam
845 1506 1041 1576 gentis
1072 1504 1279 1558 urbem
1299 1502 1606 1557 cuniculo*
1634 1503 1808 1573 cepit.
1830 1503 2053 1557 Barba·
2110 1508 2177 1561 14

89 1594 176 1648 ris
206 1594 399 1648 simile
429 1594 682 1646 monstri
721 1595 917 1648 visum
947 1594 1114 1659 θείη,
1138 1594 1384 1648 rudibus
1401 1592 1738 1646 militarium
1772 1607 2050 1661 operum:

93 1680 306 1752 quippe
344 1680 403 1732 in
431 1681 621 1735 media
651 1680 837 1735 ferme
866 1682 1012 1735 urbe
1043 1670 1252 1736 armati
1281 1685 1440 1736 terra
1470 1675 1858 1757 exsistebant,
1891 1679 2052 1733 nullo

43 1773 44 1780 ’
89 1767 333 1824 suffossi
360 1785 571 1839 specus
611 1774 744 1823 ante
774 1770 1031 1839 vestigio
1073 1771 1243 1826 facto.
1279 1788 1436 1824 nxxx
1465 1769 1640 1823 millia
1671 1769 1949 1823 Indorum
1993 1769 2055 1821 in
2112 1772 2179 1825 15

91 1873 158 1913 ea
190 1857 424 1927 regione
457 1874 612 1911 caesa
640 1858 971 1912 Clitarchus
1001 1863 1095 1914 est
1118 1864 1319 1914 auctor
1340 1860 1397 1926 ¹³,
1431 1860 1758 1927 multosque
1790 1857 2054 1926 captivos

91 1946 202 2002 sub
251 1962 468 2001 corona
488 1948 528 1973 ¹⁴
573 1948 815 2002 venisse
837 1949 895 2003 ¹³.
942 1949 1177 2002 Rursus
1221 1948 1513 2002 Musicani
1563 1947 1937 2011 defecerunt;
1984 1945 2056 2000 ad
2110 1949 2179 2006 16

91 2052 235 2109 quos
264 2038 682 2106 opprimendos
711 2040 935 2092 missus
965 2042 1052 2092 est
1080 2038 1317 2106 Pithon,
1339 2038 1436 2108 qui
1467 2042 1697 2107 captum
1730 2038 2057 2108 principem

94 2127 309 2196 gentis,
333 2127 749 2195 eundemque¹⁶
772 2127 1119 2182 defectionis
1141 2131 1459 2196 auctorem,
1484 2127 1725 2180 adduxit
1744 2127 1815 2179 ad
1833 2141 2053 2196 regem.

93 2214 215 2278 Quo
244 2214 584 2269 Alexander
609 2216 666 2267 in
704 2231 934 2269 crucem
956 2216 975 2236 *
1005 2215 1266 2283 sublatO,
1295 2232 1508 2270 rursus
1552 2231 1793 2281 amnem,
1839 2216 1899 2269 in
1938 2229 2056 2286 quo

94 2303 347 2357 classem
378 2307 812 2372 exspectare-se
838 2304 1126 2375 jusserat,
1161 2306 1398 2373 repetit.

160 2391 381 2456 Quarto
413 2391 621 2445 deinde
651 2392 764 2459 die,
800 2393 1056 2447 secundo
1098 2409 1269 2446 amne
1315 2394 1587 2462 pervenit
1635 2393 1708 2446 ad
1757 2393 2056 2463 oppidum,
2116 2395 2182 2448 17

93 2481 243 2550 quod
282 2481 344 2533 in
369 2496 554 2551 regno
587 2482 701 2535 imo
733 2487 857 2535 erat
884 2482 1104 2536 Sambi.
1139 2483 1344 2551 Nuper
1378 2499 1440 2536 se
1471 2482 1570 2535 ille
1603 2482 1922 2551 dediderat,
1955 2480 2060 2536 sed

94 2568 364 2639 oppidani
396 2570 794 2624 detrectabant
824 2571 1157 2640 imperium,
1193 2574 1248 2624 et
1275 2572 1614 2624 clauserant
1645 2574 1864 2641 portas,
1896 2569 2059 2634 Quo·
2118 2572 2185 2627 18

137 2758 188 2801 8.
219 2755 403 2800 Praetti.
436 2758 495 2799 Ce
525 2755 694 2810 peuple
718 2757 837 2801 n’est
868 2768 949 2812 pas
986 2768 1157 2801 connu.

141 2821 188 2862 9.
223 2819 475 2862 Incluserat
502 2819 626 2861 urbi.
650 2819 831 2862 Includo
852 2830 904 2863 se
925 2819 1155 2863 construit
1184 2819 1463 2864 d'ordinaire
1493 2831 1605 2862 avec
1634 2820 1682 2862 in
1710 2823 1755 2863 et
1779 2820 1979 2866 l'ablatis
2003 2832 2063 2866 ou

90 2879 366 2935 l’accusatif,
396 2881 502 2934 plus
532 2887 765 2926 rarement
787 2892 901 2925 avec
927 2881 972 2924 le
1004 2882 1171 2935 simple
1202 2882 1364 2925 ablatis
1390 2894 1448 2925 ou
1479 2883 1522 2924 le
1553 2882 1686 2926 datis.

141 2946 215 2987 10.
255 2943 401 2987 Tertio
418 2943 490 2987 die
510 2954 651 2998 quam,
673 2955 787 2997 pour
808 2949 1054 2998 postquam.
1090 2944 1161 2992 of.
1192 2948 1266 3001 lv,
1300 2956 1363 2999 iv,
1385 2949 1490 2987 note
1520 2949 1592 2989 16.

145 3010 211 3049 11.
241 3005 422 3050 samba-s·
446 3005 557 3048 etait
584 3006 628 3049 le
652 3005 718 3049 roi
743 3005 852 3049 d'un
873 3019 981 3062 pays
1004 3007 1158 3050 arrose
1179 3018 1260 3061 par
1287 3007 1478 3051 l‘lndus.

144 3071 218 3112 12.
257 3067 407 3111 Visum
432 3072 518 3122 est,
542 3069 707 3123 ellipse
732 3069 791 3112 du
822 3069 947 3122 sujet
978 3068 1110 3111 illud.

141 3133 209 3173 13.
239 3130 422 3174 Auctor.
449 3130 536 3185 CL,
563 3141 644 3173 sur
668 3141 723 3173 ce
754 3136 849 3174 mot
876 3134 943 3183 lv,
965 3142 1032 3183 111,
1053 3135 1163 3174 note
1179 3134 1257 3177 29.

142 3192 213 3236 14.
254 3191 442 3236 Corona.
473 3191 556 3234 Sub
576 3204 732 3235 corona
752 3194 950 3247 vendere,
969 3198 1115 3236 terme
1133 3195 1380 3247 technique
1402 3193 1458 3235 de
1477 3194 1523 3236 la
1540 3194 1711 3247 langue
1730 3194 2064 3246 commerciale‚

86 3250 205 3296 dans
243 3254 287 3296 la
315 3260 456 3297 vente
485 3254 567 3297 des
593 3256 878 3309 prisonniers
908 3255 964 3298 de
999 3266 1168 3310 guerre
1198 3266 1377 3298 comme
1409 3254 1650 3299 esclaves:
1683 3267 1742 3300 on
1770 3257 1839 3299 les
1871 3268 2068 3299 couren-

87 3315 189 3359 nait
217 3327 278 3359 en
308 3317 509 3371 quelque
541 3323 661 3359 sorte
696 3328 871 3360 comme
912 3317 981 3360 les
1012 3317 1246 3363 victimas,
1287 3318 1367 3361 Sub
1400 3329 1557 3362 corona
1602 3319 1752 3362 venire
1811 3318 2068 3362 dleebantur

80 3376 185 3429 jure
212 3377 322 3422 belh·
354 3382 481 3431 capta
508 3379 751 3432 mancipia,
781 3379 881 3433 quia
913 3379 1087 3422 coronis
1122 3379 1276 3423 induta
1304 3380 1552 3433 veniebant,
1594 3385 1775 3436 eratque
1803 3392 1961 3425 corona
2003 3379 2067 3424 si-

84 3449 215 3490 anum
244 3440 521 3495 captivorum
549 3442 770 3484 venalium
793 3441 982 3494 (Coelius
1008 3441 1223 3495 Sabinu8‚
1243 3443 1358 3491 dans
1378 3443 1498 3486 Aulu
1518 3443 1663 3495 Gella,
1684 3447 1773 3498 vn,
1787 3445 1850 3497 4).

141 3506 211 3547 15.
255 3502 439 3546 Venisse
468 3502 526 3545 de
555 3515 700 3546 veneo.

143 3569 205 3609 16.
237 3565 453 3608 Eundem.
486 3564 557 3607 Cs.
594 3568 663 3619 vl,
688 3577 739 3619 ιι,
769 3569 876 3608 note
905 3569 978 3611 31.
