2517 3975
695 258 1091 296 msromARuu
1129 255 1460 294 ALEXANDRI
1499 257 1580 308 1v,
1623 256 1702 295 v1.
2115 243 2186 296 75

218 366 469 419 ceterum
518 366 843 434 periculum
882 380 1035 432 esse,
1094 379 1169 417 ne
1213 378 1323 416 rex
1370 363 1593 416 vulnus
1640 363 1949 433 acciperet.
1985 364 2185 436 Itaque

216 456 432 508 monuit
464 471 539 508 ne
569 455 712 524 quid
743 469 811 507 eo
854 453 948 508 die
974 453 1281 521 inciperet.
1315 451 1441 516 Ille,
1463 467 1818 522 quamquam
1863 469 2043 507 unam
2087 469 2186 508 ur-

216 544 342 598 bem
387 544 538 611 sibi,
586 544 902 615 quominus
966 557 1220 596 securus
1267 540 1595 609 AEgyptum
1639 542 1916 609 intraret,
1949 542 2186 599 obstare

216 647 365 702 aegre
400 630 651 698 ferebat,
684 633 879 685 tamen
909 629 1105 698 paruit
1139 628 1258 681 vati
1291 627 1653 698 signumque
1701 631 1965 698 receptui
1995 629 2177 687 dedit.

279 719 432 773 Hinc
489 713 740 773 animus'
787 719 974 773 crevit
1023 716 1296 771 obsessis
1315 757 1328 782 ,
1381 717 1731 785 egressique
1771 721 1965 786 porta,
2015 733 2186 773 rece-

212 809 485 864 dentibus
514 809 781 862 inferunt
809 809 1003 878 signa,
1030 804 1467 881 cunctationem
1488 803 1750 860 hostium
1770 823 1936 861 suam
1953 807 2076 861 fore
2094 823 2188 862 oc-

213 898 511 952 casionem
538 898 679 949 rati.
726 895 841 950 Sed
880 895 1078 949 acrius
1110 909 1288 963 quam
1318 895 1688 949 constantius
1726 896 2000 964 proelium
2033 896 2181 951 inie—

210 990 343 1041 runt
402 1002 418 1039 z
476 985 698 1056 quippe
755 987 819 1037 ut
888 983 1281 1037 Macedonum
1335 983 1512 1053 signa
1570 984 1921 1056 circumagi⁸
1958 983 2182 1052 videre,

211 1076 445 1144 repente
490 1075 711 1128 sistunt
763 1073 1033 1144 gradum.
1088 1072 1337 1140 Jamque
1390 1072 1462 1125 ad
1515 1087 1719 1143 regem
1789 1073 2187 1143 proeliantium

211 1163 431 1215 clamor
447 1162 812 1229 pervenerat,
830 1176 961 1213 cum
981 1158 1311 1213 denuntiati
1336 1159 1588 1228 periculi
1606 1160 1762 1214 haud
1782 1176 1926 1214 sane
1939 1175 2186 1215 memor·

211 1249 487 1303 loricam*
506 1256 718 1316 tamen,
744 1264 919 1316 quam
941 1263 1077 1302 raro
1099 1246 1401 1314 induebat,
1419 1246 1631 1301 amicis
1655 1248 1967 1302 orantibus
1986 1263 2185 1316 sump-

208 1340 285 1393 sit
315 1369 386 1378 —-
415 1338 487 1391 ad
519 1338 713 1407 prima
752 1337 929 1408 signa
956 1337 1250 1405 pervenit.
1284 1335 1411 1400 Quo
1453 1339 1799 1406 conspecto,
1835 1336 2026 1390 Arabs
2055 1337 2188 1407 qui-

209 1428 358 1495 dam,
376 1428 543 1482 Darii
563 1428 758 1496 mileS,
776 1427 972 1497 majus
995 1427 1227 1482 fortuna
1246 1425 1388 1480 sua⁹
1408 1425 1642 1480 facinus
1665 1441 1872 1493 aneuz,
1894 1424 2182 1497 gladium*

207 1517 392 1587 clipeo
406 1517 426 1536 *
446 1521 676 1587 tegenS,
700 1518 871 1585 quasi
896 1513 1213 1584 transfuga
1233 1513 1496 1585 genibus
1514 1515 1683 1584 regis
1701 1513 2059 1568 advolvitur.
2081 1513 2184 1567 Ille

206 1619 523 1675 assurgere
554 1604 885 1673 supplicem
905 1605 925 1623 *
952 1602 1254 1673 recipique
1285 1602 1441 1656 inter
1468 1618 1616 1656 suos
1640 1602 1844 1673 jussit.
1875 1602 1953 1656 At
1980 1601 2185 1656 barba-

207 1710 327 1760 ruS,
357 1692 558 1763 gladio
592 1695 832 1746 strenue
872 1693 934 1745 in
983 1691 1253 1746 dextram
1300 1691 1607 1755 translato,
1649 1691 1951 1746 cervicem
2004 1706 2183 1761 appe-

207 1783 294 1835 tiit
321 1781 494 1852 regis
525 1795 537 1833 :
574 1781 698 1851 qui,
722 1781 941 1851 exigua
968 1780 1249 1849 eorporis
1279 1781 1671 1833 declinatione
1701 1781 1916 1835 evitato
1953 1781 2089 1848 ictu,
2120 1779 2181 1834 in

206 1869 474 1924 vanum¹⁰
500 1886 738 1923 manum
758 1868 1002 1924 barbari
1026 1869 1257 1938 lapsam
1287 1871 1545 1937 amputat
1575 1868 1793 1940 gladio,
1833 1870 2178 1924 denuntiato

203 1959 263 2014 in
288 1959 461 2016 illum
492 1959 648 2014 diem
675 1958 964 2029 pericu10,
997 1961 1058 2013 nt
1086 1957 1485 2013 arbitrabatur
1504 1958 1653 2028 ipse,
1677 1957 2010 2012 defunctus
2038 1956 2176 2028 Sed,

205 2049 266 2101 ut
312 2047 544 2117 opinor,
599 2047 944 2104 inevitabile
993 2050 1085 2103 est
1131 2047 1318 2102 fatum
1368 2064 1381 2104 :
1426 2048 1642 2116 quippe
1699 2048 1838 2100 dum
1878 2047 2033 2100 inter
2058 2046 2181 2115 pri-

204 2149 407 2190 mores
434 2136 771 2205 promptius
786 2137 822 2163 ¹¹
847 2136 1108 2204 dimicat,
1138 2136 1362 2207 sagitta
1382 2136 1402 2155 *
1431 2135 1586 2188 ictus
1615 2139 1727 2203 est,
1763 2149 1935 2205 quam
1956 2148 2065 2202 per
2091 2134 2178 2187 lo-

204 2222 391 2276 ricam
420 2222 706 2292 adactam,
729 2226 985 2278 stantem
1011 2223 1075 2276 in
1114 2223 1353 2277 humero
1393 2221 1661 2276 medicus
1691 2221 1825 2292 ejus
1867 2221 2181 2290 Philippus

205 2311 417 2368 evellit.
456 2310 762 2366 Plurimus
810 2310 1022 2367 deinde
1070 2312 1324 2380 sanguis
1369 2327 1614 2365 manare
1661 2311 1855 2380 coepit,
1899 2310 2179 2365 omnibus

204 2398 441 2465 territis,
467 2401 608 2468 quia
639 2416 779 2466 non,
813 2414 985 2471 qnam
1016 2401 1131 2455 alte
1155 2403 1527 2470 penetrasset
1558 2400 1739 2455 telum
1761 2400 1800 2463 *,
1825 2398 2044 2453 lorica*
2075 2399 2180 2454 ob-

200 2489 415 2554 stante,
465 2493 900 2556 cognoverant.
953 2490 1110 2560 Ipse,
1143 2505 1220 2544 ne
1264 2490 1389 2544 oris
1419 2488 1654 2559 quidem
1702 2488 1902 2543 colore
1929 2492 2176 2556 mutate,

192 2576 494 2646 supprimi
523 2578 879 2648 sanguinem
901 2578 1194 2631 etvulnus
1226 2578 1486 2648 obligari
1509 2577 1718 2648 jussit.
1750 2576 1864 2631 Diu
1893 2582 2029 2634 ante
2049 2579 2180 2649 ipsa

190 2663 396 2736 signa,
425 2667 524 2720 vel
552 2666 919 2720 dissimulato
940 2668 1038 2721 vel
1065 2667 1219 2722 victo
1244 2667 1473 2731 dolore,
1499 2668 1856 2736 perstiterat,
1880 2683 2012 2722 cum
2039 2685 2179 2740 sup-

180 2766 452 2824 pressus
479 2755 659 2823 paulo
691 2756 824 2808 ante
852 2755 1106 2825 sanguis
1122 2755 1574 2819 medicament0‚
1606 2771 1722 2824 quo
1745 2759 2011 2811 retentus
2030 2761 2174 2825 erat,

174 2855 442 2898 manare
462 2842 694 2913 largius
712 2845 904 2912 coepit,
925 2846 981 2896 et
1008 2843 1246 2912 vulnus,
1281 2845 1439 2914 quod
1470 2848 1675 2913 tepens
1696 2844 1883 2899 adhuc
1914 2846 2180 2901 dolorem

172 2943 334 2985 non
347 2939 631 2999 moverat,
652 2930 913 3002 frigente
938 2934 1254 3003 sanguine,
1272 2932 1570 2986 intumuit.
1591 2932 1808 3003 Linqui
1822 2934 2037 2989 deinde
2058 2937 2180 2990 ani·
2235 2953 2251 2970 ν

247 3136 309 3180 8.
349 3136 605 3192 circunzayi,
625 3149 805 3181 comme
828 3141 901 3191 111,
922 3150 973 3193 ιι,
994 3144 1064 3183 14.
1090 3140 1321 3184 Executer
1341 3151 1431 3184 une
1456 3141 1745 3185 conversion.

246 3199 314 3241 9.
347 3199 532 3243 Fortuna
559 3212 656 3254 sua,
683 3200 906 3245 entendez
953 3211 1130 3254 comme
1154 3202 1229 3246 s'il
1252 3214 1280 3257 y
1316 3203 1439 3249 avait
1485 3215 1612 3257 quam
1643 3216 1727 3259 pro
1753 3206 1933 3259 fortuna
1961 3216 2057 3261 sua,
2094 3218 2179 3251 son

182 3270 331 3313 tang
356 3260 407 3303 de
428 3262 590 3318 simple
611 3262 780 3305 soldat.

254 3323 342 3364 10.
374 3325 658 3369 construisez
690 3324 911 3379 :Lapsam
943 3326 989 3369 in
1019 3337 1195 3372 vanum.

255 3384 346 3425 11.
375 3385 633 3441 Protreptizcs‚
647 3388 924 3442 comparatif
938 3393 1179 3444 marquant
1197 3401 1261 3433 un
1281 3389 1421 3442 degre
1441 3393 1659 3435 excessis.
1687 3395 1751 3436 De
1770 3394 1921 3437 meme
1943 3408 1953 3435 :
1985 3393 2182 3438 Themt's·

195 3443 355 3513 coclea
377 3448 507 3492 minus
531 3449 790 3503 parentibus
831 3451 1107 3504 probabatur,
1138 3452 1249 3505 quod
1278 3452 1464 3495 liberius
1492 3454 1661 3497 vivebat
1692 3458 1738 3497 et
1776 3466 1868 3498 rem
1905 3455 2177 3507 familiarem

200 3504 475 3573 uulwebat.
509 3511 813 3554 Themistocle
849 3512 1006 3556 n'etait
1035 3513 1177 3568 gnere
1200 3514 1436 3568 approuve
1470 3516 1526 3557 de
1567 3527 1640 3558 ses
1671 3521 1872 3568 parentS,
1897 3526 2036 3567 parce
2064 3514 2177 3566 qu'il

204 3568 366 3612 vivait
383 3581 440 3614 un
457 3585 546 3627 peu
570 3573 821 3618 librement
839 3579 884 3617 et
903 3575 1151 3630 negligeait
1171 3586 1247 3619 ses
1269 3576 1462 3621 interets
1484 3578 1540 3620 de
1562 3577 1909 3629 foi-tuno(Nep.‚
1934 3574 2169 3629 leem.‚1).

2243 459 2314 512 13

2242 902 2314 957 14

2241 1347 2312 1400 15

2240 1612 2312 1667 16

2236 1965 2371 2028 17.

2237 2320 2306 2375 18

2238 2587 2308 2643 19
