2517 3975
187 316 257 372 22

187 492 257 548 ⁹23

189 849 255 903 24

191 1114 262 1168 25

195 1734 262 1788 27

194 2001 266 2055 28

195 2267 265 2321 29

198 2446 267 2500 30

199 2622 261 2675 31

198 2888 268 2942 32

313 192 417 248 136
1074 209 1128 254 Q.
1170 207 1343 248 cun'rt
1382 207 1518 246 nun

313 333 445 372 cum
476 316 789 371 vexatione
816 315 1131 387 processit.
1178 315 1412 370 Medius
1458 316 1583 369 erat
1619 313 1750 369 dies
1793 317 1848 369 et
1886 313 2150 385 fatigatis
2180 330 2279 371 ne-

313 404 574 460 cessaria
602 405 769 473 quies
802 421 814 458 ε
856 405 1071 476 quippe
1101 404 1445 461 tantundem
1474 402 1707 457 itineris
1744 405 2076 472 supererat,
2099 418 2282 474 quan-

313 498 436 548 tum
466 493 691 548 emensi
713 496 899 561 erant,
925 493 1029 548 sed
1050 493 1247 547 minus
1278 491 1606 562 praecipitis
1637 494 1811 562 atque
1837 491 2023 546 ardui.
2056 492 2276 564 Itaque,

312 578 551 634 refectis
572 579 704 634 cibo
727 595 1054 651 somnoque
1077 580 1390 647 militibus,
1417 579 1678 634 secunda
1705 578 1951 650 vigilia*
1971 580 2188 651 surgit.
2210 580 2281 635 Et

315 670 509 722 cetera
540 667 774 737 quidem
805 654 960 723 haud
991 684 1156 740 aegre
1185 668 1450 737 praeterit
1498 684 1512 720 ι
1564 670 1844 730 ceterum,
1875 681 1990 736 qua
2018 682 2085 721 se
2117 682 2283 722 mon-

316 757 460 810 tium
483 755 699 828 jugum
730 756 1013 826 paulatim
1057 756 1130 809 ad
1174 755 1446 827 planiora
1476 755 1745 823 demittit,
1780 756 1999 826 ingens
2030 771 2281 826 voragO,

315 861 613 901 concursu
641 848 842 900 cavata
871 847 1242 913 torrentium,
1268 844 1385 899 iter
1411 846 1641 915 ruperat
1659 844 1726 898 ²⁴.
1758 844 1849 897 Ad
1868 843 1979 898 hoc
2000 844 2286 899 arborum

316 934 481 1003 rami,
507 933 659 987 alius
689 933 805 987 alio
836 933 1117 1003 implicati
1147 935 1204 987 et
1237 932 1628 1002 cohaerenteS,
1655 934 1715 986 ut
1735 932 1774 959 ⁸²
1803 935 2151 1002 perpetuam
2182 932 2289 987 ob-

311 1021 584 1092 jecerant
622 1036 865 1090 saepem.
905 1020 1256 1091 Desperatio
1298 1019 1481 1090 igitur
1523 1019 1760 1091 ingens,
1803 1018 1947 1073 adeo
1978 1022 2044 1073 ut
2072 1018 2174 1072 vix
2204 1020 2289 1073 la-

321 1109 522 1164 crimis
548 1109 936 1173 abstinerent,
978 1110 1325 1163 incesserat.
1367 1107 1675 1176 Praecipue
1703 1106 2041 1161 obscuritas
2070 1108 2291 1162 terrori

320 1200 446 1252 erat
488 1215 500 1251 ε
552 1213 686 1251 nam
744 1197 981 1252 etiamsi
1034 1211 1143 1267 qua
1190 1197 1391 1251 sidera
1447 1195 1900 1262 internitebant,
1957 1197 2292 1251 continenti

319 1285 529 1339 fronde
577 1288 744 1340 tectae
786 1285 1032 1339 arbores
1077 1284 1425 1354 conspicere
1467 1282 1887 1354 prohibebant.
1920 1285 2009 1339 Ne
2054 1285 2293 1339 aurium

320 1373 556 1445 quidem
585 1389 734 1428 usus
765 1374 1091 1444 supererat,
1128 1372 1314 1427 silvas
1350 1373 1649 1444 quatiente
1679 1373 1875 1436 vente,
1911 1374 2012 1443 qui
2040 1387 2294 1427 concur·

319 1463 588 1517 rentibus
618 1461 801 1516 ramis
829 1462 1115 1534 maJ'orem
1146 1476 1324 1532 quam
1354 1475 1461 1530 pro
1492 1460 1633 1514 flatu
1663 1475 1878 1515 sonum
1908 1458 2146 1514 edebat.

387 1551 646 1605 Tandem
675 1553 1012 1620 exspectata
1040 1551 1144 1603 lux
1175 1550 1393 1619 omnia,
1426 1565 1556 1619 quae
1586 1549 1948 1603 terribiliora
1979 1549 2259 1623 noxj'ece
2278 1580 2296 1590 ·

319 1642 431 1705 rat,
461 1640 672 1694 minuit
704 1656 717 1693 z
763 1639 1066 1692 circumiri
1085 1638 1257 1694 brevi
1301 1637 1491 1708 spatio
1527 1640 1756 1706 poterat
1788 1637 2036 1702 eluvieS‚
2086 1641 2143 1692 et
2173 1638 2299 1691 sibi

321 1729 581 1799 quisque,
602 1726 722 1781 dux
754 1728 987 1781 itineris
1019 1729 1277 1796 coeperat
1309 1724 1467 1793 fieri.
1499 1724 1771 1779 Evadunt
1799 1740 1946 1797 ergo
1973 1725 2040 1778 in
2069 1726 2298 1780 editum

320 1817 602 1871 verticem
635 1834 648 1870 :
681 1833 756 1870 ex
784 1832 898 1887 quo
927 1815 1190 1872 hostium
1235 1816 1493 1870 statione
1536 1818 1867 1884 conspecta,
1919 1816 2166 1870 strenue
2204 1831 2299 1869 ar-

320 1906 509 1960 mati⁸⁸
539 1922 573 1959 a
609 1908 775 1978 tergo
815 1920 881 1959 se
930 1904 1257 1960 ostendunt·
1290 1904 1436 1958 nihil
1483 1905 1597 1957 tale
1635 1903 2033 1958 metuentibus
2048 1902 2114 1971 ⁸⁸,
2154 1920 2299 1975 quo-

321 2013 452 2051 rum
480 1996 674 2066 pauci,
707 1996 809 2066 qui
838 1994 1128 2065 congredi
1156 1994 1290 2053 ausi
1327 1995 1518 2060 eraut,
1550 1994 1694 2047 caesi
1725 1996 1883 2048 sunt.
1916 1993 2117 2062 Itaque
2155 1994 2299 2049 hinc
2371 2019 2376 2022 -

320 2086 690 2140 morientium
736 2084 1013 2156 gemitus,
1046 2083 1183 2138 hinc
1221 2082 1294 2136 ad
1342 2097 1487 2137 suos
1523 2083 1952 2139 recurrentium
1981 2081 2299 2137 miserabi-

321 2174 396 2229 lis
425 2173 628 2241 facieS,
658 2174 927 2243 integros
956 2187 1208 2243 quoque,
1238 2174 1550 2241 antequam
1594 2170 1912 2225 discrimen
1951 2170 2301 2239 experiren-

320 2264 491 2333 tur²⁸,
541 2264 601 2317 in
643 2260 844 2334 fugam
894 2263 1124 2315 avertit.
1165 2259 1429 2316 Fremitu
1476 2260 1688 2315 deinde
1735 2261 1798 2314 in
1846 2263 2062 2329 castra,
2107 2259 2300 2330 quis²⁸

322 2349 602 2405 Craterus
622 2349 997 2421 praesidebat,
1016 2347 1199 2415 illato,
1220 2349 1297 2403 ad
1316 2348 1692 2419 occupandas
1719 2347 2045 2419 angustiaS,
2076 2347 2141 2401 in
2171 2349 2304 2420 qui-

320 2437 431 2493 bus
467 2439 659 2508 pridie
689 2439 1002 2504 haeserant,
1035 2438 1208 2492 miles
1237 2437 1527 2493 educitur.
1557 2437 1747 2494 Simul
1778 2439 1834 2491 et
1866 2436 2128 2491 Philotas
2164 2453 2302 2492 cum

323 2527 746 2597 Polyperconte
802 2527 1168 2599 Amyntaque
1221 2529 1280 2581 et
1334 2524 1514 2581 Coeno
1565 2526 1871 2580 diversum
1918 2525 2033 2579 iter
2059 2526 2300 2598 ingredi

317 2600 549 2683 jussuS,
583 2617 764 2671 alium
796 2617 1085 2671 terrorem
1121 2615 1320 2669 intulit
1345 2615 1642 2671 barbaris.
1699 2614 1969 2685 Undique
1999 2630 2141 2687 ergo
2174 2616 2299 2669 Ma-

323 2703 607 2758 cedonum
636 2706 819 2759 armis
858 2703 1249 2776 fulgentibus,
1290 2705 1533 2774 ancipiti
1570 2704 1722 2759 malo
1746 2704 2041 2775 oppressi,
2072 2720 2299 2760 memo-

323 2791 510 2846 rabile
555 2794 752 2847 tamen
779 2792 1051 2862 proelium
1096 2792 1293 2847 edunt.
1337 2792 1413 2847 Ut
1443 2792 1677 2864 opinor,
1718 2792 2018 2863 ignaviam
2069 2808 2301 2863 quoque

322 2881 650 2935 necessitas
692 2881 847 2935 acuit
889 2882 946 2935 et
988 2896 1147 2950 saepe
1187 2881 1519 2951 desperatio
1553 2882 1685 2951 spei
1712 2891 1896 2936 causa
1932 2883 2045 2936 est.
2081 2880 2243 2936 Nudi
2262 2880 2301 2907 ²²

325 2967 863 3038 complectebantur
889 2973 1168 3038 armatoS,
1211 2972 1269 3024 et
1307 2969 1536 3040 ingenti
1566 2984 1880 3039 corporum
1908 2968 2065 3026 mole
2096 2983 2300 3024 secum

376 3157 449 3201 21.
483 3154 678 3210 Ruperat
703 3166 882 3199 comme
911 3156 1166 3210 abruperat.

375 3221 449 3263 22.
485 3217 543 3261 Ut
564 3227 744 3260 comme
766 3221 987 3272 tanquam,
1012 3218 1156 3273 quasi.

376 3282 451 3325 2³.
484 3278 677 3328 Armati,
708 3278 1041 3322 sous-entendu
1066 3278 1339 3323 Macedones.

378 3342 451 3389 24.
485 3341 795 3389 Metuentebue.
821 3342 1166 3385 sous-entendu
1190 3342 1365 3385 Pereia.

376 3408 452 3449 25.
488 3405 730 3459 Antequam
751 3402 1080 3457 experirentur.
1110 3402 1178 3447 Cf.
1209 3406 1284 3458 111,
1314 3414 1397 3459 vn,
1422 3408 1533 3447 note
1554 3402 1623 3447 26.

377 3466 453 3511 26.
488 3466 601 3518 Quis
623 3476 801 3509 comme
827 3464 1086 3518 quibu-cnr.
1116 3467 1190 3518 111,
1207 3476 1257 3518 n,
1288 3471 1394 3509 note
1417 3469 1461 3511 8.

378 3527 454 3572 2¹1.
487 3526 618 3577 Nudi,
642 3527 766 3569 c'eat·
781 3525 931 3569 a-dire
955 3523 1146 3567 inermes
1168 3525 1342 3580 oppose
1371 3527 1397 3569 a
1419 3527 1626 3572 armatis.
