2517 3975
970 674 1284 742 LIBER
1343 675 1468 776 Iv-

848 1188 1135 1244 CAPUT
1201 1190 1560 1246 PRIMUM

215 1342 401 1391 Darius
440 1341 695 1389 demande
727 1340 776 1389 la
806 1341 941 1402 paiX.
965 1367 1028 1377 —
1049 1339 1291 1404 Reponse
1326 1341 1685 1390 d'Alexandre.
1707 1368 1770 1378 —
1802 1342 2092 1390 Alexandre
2123 1357 2186 1390 en

272 1421 540 1470 Phenicie.
562 1447 624 1456 —
643 1421 875 1469 Histoire
905 1419 1326 1482 d'Abdalonyme.
1345 1448 1408 1458 —
1428 1423 1567 1469 Mort
1594 1421 1662 1469 du
1692 1420 1870 1470 traitre
1899 1423 2179 1484 Amyntae.

270 1528 331 1535 —
359 1501 570 1550 Revers
605 1501 698 1548 des
733 1500 944 1550 PerseS.
971 1527 1033 1536 —
1060 1501 1323 1563 Agitation
1352 1516 1417 1549 en
1451 1501 1636 1550 Grece.

980 1632 1154 1689 (niver,
1181 1634 1369 1679 aaa-332
1381 1633 1415 1689 .)

280 1793 530 1861 Darius,
554 1793 700 1847 tanti
731 1793 902 1847 modo
927 1794 1221 1849 exercitus
1240 1810 1369 1862 rex,
1399 1799 1522 1863 qui,
1548 1794 1970 1865 triumphantis
1991 1795 2186 1867 magis

215 1897 388 1951 quam
433 1881 774 1936 dimicantis
823 1898 1018 1953 more,
1079 1898 1258 1937 curru
1308 1883 1584 1938 sublimis
1631 1884 1843 1939 inierat
1888 1884 2183 1953 proelium,

214 1987 317 2038 per
345 1970 498 2037 loca,
533 1986 665 2039 quae
693 1987 879 2041 prope
920 1970 1230 2026 immensis
1276 1971 1615 2044 agminibus
1658 1972 2022 2042 impleverat,
2057 1970 2187 2042 jam

216 2060 415 2113 inania
464 2061 522 2113 et
572 2060 803 2130 ingenti
851 2061 1168 2114 solitudine
1206 2064 1399 2127 vasta,
1442 2059 1730 2131 fugiebat.
1765 2060 1949 2113 Pauci
1983 2074 2187 2131 regem

219 2148 620 2218 sequebantur
649 2163 662 2202 :
701 2164 837 2202 nam
857 2164 966 2202 nec
987 2149 1195 2203 eodem
1217 2164 1427 2203 omnes
1455 2147 1657 2219 fugam
1680 2147 2072 2214 intenderant,
2104 2150 2182 2215 et,

216 2236 628 2291 deficientibus
660 2237 848 2306 equis,
884 2253 1120 2291 cursum
1153 2252 1378 2307 eorum,
1411 2252 1560 2308 quos
1588 2252 1696 2291 rex
1726 2234 1979 2291 subinde
2006 2239 2187 2290 muta-

215 2324 330 2391 bat,
383 2341 624 2395 aequare
672 2341 790 2380 non
828 2328 1122 2395 poterant.
1174 2325 1440 2380 Onchas¹
1488 2322 1697 2379 deinde
1742 2324 2036 2394 pervenit,
2083 2323 2186 2380 ubi

218 2427 505 2483 excepere
563 2428 696 2467 eum
744 2412 1115 2468 Graecorum²
1173 2416 1426 2483 quatuor
1470 2412 1651 2466 millia
1704 2429 1717 2466 t
1775 2426 1894 2465 non
1943 2413 2186 2483 segnius

219 2502 409 2555 tamen
461 2499 536 2555 ad
587 2500 931 2570 Euphraten
989 2501 1323 2567 contendit,
1372 2501 1433 2554 id
1479 2500 1712 2554 demum
1755 2500 2003 2555 credens
2056 2499 2186 2555 fore

218 2587 430 2656 ipsiuS,
462 2589 620 2658 quod
649 2589 943 2644 celeritate
973 2589 1299 2658 praecipere
1329 2589 1644 2657 potuisset.

282 2674 358 2729 At
395 2676 731 2730 Alexander
769 2676 1243 2742 Parmenionem,
1285 2691 1394 2746 per
1434 2691 1607 2746 quem
1639 2675 1801 2746 apud
1831 2677 2183 2732 Damascum

219 2768 452 2834 recepta
478 2767 605 2818 erat
632 2764 853 2834 praeda,
893 2764 1136 2834 jussum
1167 2781 1296 2820 eam
1328 2765 1521 2835 ipsam
1542 2767 1598 2818 et
1618 2766 1887 2835 captivos
1916 2766 2185 2838 diligenti

221 2865 535 2907 asservare
574 2854 862 2920 custodia,
896 2853 1105 2924 Syriae,
1153 2869 1329 2924 quam
1366 2851 1601 2908 Coelen⁸
1630 2857 1862 2922 vocant,
1895 2855 2182 2925 praefecit.

267 3038 303 3080 1.
339 3059 392 3068 —-
423 3042 466 3080 1.
504 3036 658 3081 Onchae
685 3036 838 3093 parsit
867 3037 968 3082 etre
996 3040 1042 3081 la
1067 3037 1219 3081 meme
1236 3036 1423 3081 localite
1438 3048 1528 3092 que
1549 3039 1595 3083 la
1615 3039 1729 3083 ville
1746 3040 1803 3083 de
1824 3038 2016 3093 Soehest,
2046 3039 2073 3082 ὲ
2096 3051 2187 3083 une

216 3097 362 3151 petite
392 3098 598 3143 distance
621 3101 678 3144 de
706 3101 751 3143 la
780 3101 997 3144 moderne
1025 3102 1134 3153 Alep
1157 3092 1221 3154 (la
1251 3100 1428 3144 station
1449 3100 1805 3145 intermediaire
1824 3100 1909 3144 des
1929 3110 2186 3145 caravanes

218 3165 351 3205 entre
380 3162 426 3203 le
454 3162 578 3216 golfe
596 3162 640 3207 d’
643 3162 975 3206 Alexandrette
996 3169 1043 3205 et
1072 3163 1368 3219 l‘Euphrate),
1400 3161 1426 3206 a
1453 3163 1647 3207 lenti-ee
1675 3163 1734 3208 de
1763 3173 1818 3206 ce
1846 3164 1923 3218 qu·
1925 3175 1983 3208 on
2003 3164 2185 3218 appelle

219 3222 262 3265 le
290 3223 454 3278 Ckamp
480 3225 537 3268 du
559 3237 666 3279 sano
686 3226 915 3279 (Dromon,
941 3229 976 3278 1,
998 3229 1095 3276 250,
1127 3226 1273 3278 note).

266 3290 312 3331 2.
353 3285 614 3342 Graecorum,
642 3288 716 3332 les
734 3289 878 3331 Grecs
906 3289 1240 3334 meroenaireS.

269 3351 316 3390 3.
352 3348 508 3402 Syriae,
539 3362 665 3405 quam
695 3350 838 3393 Coelen
857 3353 1026 3394 vocant.
1055 3352 1116 3391 La
1136 3349 1281 3393 Coele·
1259 3349 1409 3403 -syrie
1438 3349 1592 3404 (c'est·
1572 3348 1649 3393 -ὲ-
1651 3348 1751 3394 dire
1771 3349 1818 3393 la
1839 3349 1976 3404 syrie
2000 3347 2182 3400 creuse)

224 3419 292 3451 est
319 3410 365 3453 le
387 3421 494 3455 nom
522 3411 675 3456 donne
699 3412 726 3454 ὲ
749 3413 794 3456 la
820 3411 996 3468 grande
1023 3410 1175 3455 vallee
1193 3412 1272 3467 qui
1297 3423 1320 3454 s
1321 3411 1476 3455 'etend
1505 3417 1638 3455 entre
1653 3412 1725 3455 les
1751 3412 1878 3455 deux
1909 3411 2099 3454 chaines
2120 3409 2182 3451 du

224 3470 367 3515 Liban
401 3478 447 3517 et
484 3473 540 3517 de
579 3475 919 3527 l'Anti-Liban;
950 3473 1042 3519 elle
1068 3478 1144 3519 est
1176 3473 1353 3519 bornee
1390 3485 1449 3518 au
1489 3477 1537 3519 S.
1563 3484 1648 3528 par
1674 3475 1720 3518 la
1764 3473 2009 3526 palestine,
2040 3470 2175 3514 ὸ,1’.0

226 3543 302 3584 par
322 3534 369 3577 la
393 3535 640 3581 Phenicie.

2240 2065 2273 2118 [θ
