<?xml version="1.0" encoding="UTF-8"?>
<!DOCTYPE html PUBLIC "-//W3C//DTD XHTML 1.0 Transitional//EN"
    "http://www.w3.org/TR/xhtml1/DTD/xhtml1-transitional.dtd">
<html xmlns="http://www.w3.org/1999/xhtml" xml:lang="en" lang="en">
 <head>
  <title>
</title>
<meta http-equiv="Content-Type" content="text/html;charset=utf-8" />
  <meta name='ocr-system' content='tesseract 3.04.00' />
  <meta name='ocr-capabilities' content='ocr_page ocr_carea ocr_par ocr_line ocrx_word'/>
</head>
<body>
  <div class='ocr_page' id='page_1' title='image "./qcurtirufihisto00brelgoog_0390.png"; bbox 0 0 2517 3975; ppageno 0'>
   <div class='ocr_carea' id='block_1_1' title="bbox 263 1593 331 1648">
    <p class='ocr_par' dir='ltr' id='par_1_1' title="bbox 263 1593 331 1648">
     <span class='ocr_line' id='line_1_1' title="bbox 263 1593 331 1648; baseline -0.015 0"><span class='ocrx_word' id='word_1_1' title='bbox 263 1593 331 1648; x_wconf 90' lang='grc'>10</span> 
     </span>
    </p>
   </div>
   <div class='ocr_carea' id='block_1_2' title="bbox 262 1948 324 2004">
    <p class='ocr_par' dir='ltr' id='par_1_2' title="bbox 262 1948 324 2004">
     <span class='ocr_line' id='line_1_2' title="bbox 262 1948 324 2004; baseline 0 0"><span class='ocrx_word' id='word_1_2' title='bbox 262 1948 324 2004; x_wconf 92' lang='grc'>11</span> 
     </span>
    </p>
   </div>
   <div class='ocr_carea' id='block_1_3' title="bbox 260 2569 329 2624">
    <p class='ocr_par' dir='ltr' id='par_1_3' title="bbox 260 2569 329 2624">
     <span class='ocr_line' id='line_1_3' title="bbox 260 2569 329 2624; baseline 0.014 -1"><span class='ocrx_word' id='word_1_3' title='bbox 260 2569 329 2624; x_wconf 84' lang='grc'>13</span> 
     </span>
    </p>
   </div>
   <div class='ocr_carea' id='block_1_4' title="bbox 264 2921 331 2975">
    <p class='ocr_par' dir='ltr' id='par_1_4' title="bbox 264 2921 331 2975">
     <span class='ocr_line' id='line_1_4' title="bbox 264 2921 331 2975; baseline 0 0"><span class='ocrx_word' id='word_1_4' title='bbox 264 2921 331 2975; x_wconf 86' lang='grc'>14</span> 
     </span>
    </p>
   </div>
   <div class='ocr_carea' id='block_1_5' title="bbox 392 231 1593 296">
    <p class='ocr_par' dir='ltr' id='par_1_5' title="bbox 392 231 1593 296">
     <span class='ocr_line' id='line_1_5' title="bbox 392 231 1593 296; baseline -0.006 -2"><span class='ocrx_word' id='word_1_5' title='bbox 392 231 500 287; x_wconf 75' lang='lat'>350</span> <span class='ocrx_word' id='word_1_6' title='bbox 1154 252 1211 296; x_wconf 76' lang='grc' dir='ltr'>α.</span> <span class='ocrx_word' id='word_1_7' title='bbox 1248 250 1419 289; x_wconf 69' lang='lat' dir='ltr'>oua-n</span> <span class='ocrx_word' id='word_1_8' title='bbox 1456 250 1593 288; x_wconf 75' lang='lat' dir='ltr'>num</span> 
     </span>
    </p>
   </div>
   <div class='ocr_carea' id='block_1_6' title="bbox 382 357 2367 3001">
    <p class='ocr_par' dir='ltr' id='par_1_6' title="bbox 388 357 2360 1207">
     <span class='ocr_line' id='line_1_6' title="bbox 392 357 2351 430; baseline 0.002 -20"><span class='ocrx_word' id='word_1_9' title='bbox 392 371 479 425; x_wconf 88' lang='lat' dir='ltr'>se,</span> <span class='ocrx_word' id='word_1_10' title='bbox 513 373 621 412; x_wconf 91' lang='lat' dir='ltr'>nec</span> <span class='ocrx_word' id='word_1_11' title='bbox 660 358 969 429; x_wconf 89' lang='lat' dir='ltr'>quicquam</span> <span class='ocrx_word' id='word_1_12' title='bbox 1004 359 1211 414; x_wconf 88' lang='lat' dir='ltr'>deditis</span> <span class='ocrx_word' id='word_1_13' title='bbox 1237 360 1457 430; x_wconf 80' lang='lat' dir='ltr'>proeter</span> <span class='ocrx_word' id='word_1_14' title='bbox 1475 359 1837 413; x_wconf 80' lang='lat' dir='ltr'>commeatus</span> <span class='ocrx_word' id='word_1_15' title='bbox 1861 357 2224 425; x_wconf 85' lang='lat' dir='ltr'>imperatum</span> <span class='ocrx_word' id='word_1_16' title='bbox 2251 362 2351 414; x_wconf 89' lang='lat' dir='ltr'>est.</span> 
     </span>
     <span class='ocr_line' id='line_1_7' title="bbox 391 445 2350 515; baseline 0.001 -16"><span class='ocrx_word' id='word_1_17' title='bbox 391 445 604 509; x_wconf 87' lang='lat' dir='ltr'>Quinto</span> <span class='ocrx_word' id='word_1_18' title='bbox 634 446 760 499; x_wconf 87' lang='lat' dir='ltr'>hinc</span> <span class='ocrx_word' id='word_1_19' title='bbox 789 446 883 500; x_wconf 90' lang='lat' dir='ltr'>die</span> <span class='ocrx_word' id='word_1_20' title='bbox 905 448 1066 502; x_wconf 88' lang='lat' dir='ltr'>venit</span> <span class='ocrx_word' id='word_1_21' title='bbox 1096 448 1167 502; x_wconf 90' lang='lat' dir='ltr'>ad</span> <span class='ocrx_word' id='word_1_22' title='bbox 1199 448 1419 501; x_wconf 87' lang='lat' dir='ltr'>flumen</span> <span class='ocrx_word' id='word_1_23' title='bbox 1443 464 1456 501; x_wconf 75' lang='grc' dir='ltr'>ε</span> <span class='ocrx_word' id='word_1_24' title='bbox 1483 445 1776 500; x_wconf 86' lang='lat' dir='ltr'>Arabum⁸</span> <span class='ocrx_word' id='word_1_25' title='bbox 1797 446 2010 498; x_wconf 80' lang='lat' dir='ltr'>incolae</span> <span class='ocrx_word' id='word_1_26' title='bbox 2041 445 2350 515; x_wconf 84' lang='lat' dir='ltr'>appellant.</span> 
     </span>
     <span class='ocr_line' id='line_1_8' title="bbox 393 533 2353 607; baseline 0 -19"><span class='ocrx_word' id='word_1_27' title='bbox 393 533 579 604; x_wconf 88' lang='lat' dir='ltr'>Regio</span> <span class='ocrx_word' id='word_1_28' title='bbox 622 534 851 589; x_wconf 86' lang='lat' dir='ltr'>deserta</span> <span class='ocrx_word' id='word_1_29' title='bbox 891 539 946 590; x_wconf 92' lang='lat' dir='ltr'>et</span> <span class='ocrx_word' id='word_1_30' title='bbox 992 551 1275 607; x_wconf 85' lang='lat' dir='ltr'>aquarum</span> <span class='ocrx_word' id='word_1_31' title='bbox 1314 536 1486 605; x_wconf 90' lang='lat' dir='ltr'>inops</span> <span class='ocrx_word' id='word_1_32' title='bbox 1532 535 1769 604; x_wconf 85' lang='lat' dir='ltr'>excipit.</span> <span class='ocrx_word' id='word_1_33' title='bbox 1812 534 2002 598; x_wconf 87' lang='lat' dir='ltr'>Quam</span> <span class='ocrx_word' id='word_1_34' title='bbox 2054 550 2353 599; x_wconf 75' lang='lat' dir='ltr'>emensuS,</span> 
     </span>
     <span class='ocr_line' id='line_1_9' title="bbox 392 621 2357 695; baseline 0.002 -22"><span class='ocrx_word' id='word_1_35' title='bbox 392 622 451 673; x_wconf 92' lang='lat' dir='ltr'>in</span> <span class='ocrx_word' id='word_1_36' title='bbox 481 621 707 676; x_wconf 80' lang='lat' dir='ltr'>Oritas⁹</span> <span class='ocrx_word' id='word_1_37' title='bbox 734 625 983 678; x_wconf 83' lang='lat' dir='ltr'>transit:</span> <span class='ocrx_word' id='word_1_38' title='bbox 1017 624 1100 678; x_wconf 89' lang='lat' dir='ltr'>ibi</span> <span class='ocrx_word' id='word_1_39' title='bbox 1125 625 1418 695; x_wconf 72' lang='lat' dir='ltr'>maJorem</span> <span class='ocrx_word' id='word_1_40' title='bbox 1466 624 1760 678; x_wconf 80' lang='lat' dir='ltr'>exercitus</span> <span class='ocrx_word' id='word_1_41' title='bbox 1797 627 2027 690; x_wconf 85' lang='lat' dir='ltr'>partem</span> <span class='ocrx_word' id='word_1_42' title='bbox 2074 622 2357 692; x_wconf 82' lang='lat' dir='ltr'>Hephaes-</span> 
     </span>
     <span class='ocr_line' id='line_1_10' title="bbox 392 710 2358 778; baseline 0.002 -15"><span class='ocrx_word' id='word_1_43' title='bbox 392 711 540 764; x_wconf 91' lang='lat' dir='ltr'>tioni</span> <span class='ocrx_word' id='word_1_44' title='bbox 571 713 823 778; x_wconf 75' lang='lat' dir='ltr'><strong>tradidit,</strong></span> <span class='ocrx_word' id='word_1_45' title='bbox 856 713 1046 767; x_wconf 88' lang='lat' dir='ltr'>levem</span> <span class='ocrx_word' id='word_1_46' title='bbox 1076 715 1433 767; x_wconf 83' lang='lat' dir='ltr'>armaturam</span> <span class='ocrx_word' id='word_1_47' title='bbox 1460 712 1500 740; x_wconf 87' lang='lat'>¹⁰</span> <span class='ocrx_word' id='word_1_48' title='bbox 1521 712 1540 733; x_wconf 86' lang='lat'><strong>*</strong></span> <span class='ocrx_word' id='word_1_49' title='bbox 1570 728 1702 766; x_wconf 86' lang='lat' dir='ltr'>cum</span> <span class='ocrx_word' id='word_1_50' title='bbox 1732 710 2050 764; x_wconf 70' lang='lat' dir='ltr'>Ptolemaeo</span> <span class='ocrx_word' id='word_1_51' title='bbox 2095 712 2358 766; x_wconf 86' lang='lat' dir='ltr'>Leonna-</span> 
     </span>
     <span class='ocr_line' id='line_1_11' title="bbox 392 798 2352 872; baseline 0 -18"><span class='ocrx_word' id='word_1_52' title='bbox 392 801 565 871; x_wconf 82' lang='lat' dir='ltr'>toque</span> <span class='ocrx_word' id='word_1_53' title='bbox 594 803 842 871; x_wconf 81' lang='lat' dir='ltr'>partitus</span> <span class='ocrx_word' id='word_1_54' title='bbox 880 806 989 856; x_wconf 89' lang='lat' dir='ltr'>est.</span> <span class='ocrx_word' id='word_1_55' title='bbox 1022 802 1160 856; x_wconf 89' lang='lat' dir='ltr'>Tria</span> <span class='ocrx_word' id='word_1_56' title='bbox 1190 800 1363 857; x_wconf 88' lang='lat' dir='ltr'>simul</span> <span class='ocrx_word' id='word_1_57' title='bbox 1393 801 1630 872; x_wconf 84' lang='lat' dir='ltr'>agmina</span> <span class='ocrx_word' id='word_1_58' title='bbox 1677 798 2113 870; x_wconf 81' lang='lat' dir='ltr'>populabantur</span> <span class='ocrx_word' id='word_1_59' title='bbox 2158 800 2352 871; x_wconf 75' lang='lat' dir='ltr'>IndoS‚</span> 
     </span>
     <span class='ocr_line' id='line_1_12' title="bbox 390 888 2359 960; baseline 0.001 -18"><span class='ocrx_word' id='word_1_60' title='bbox 390 905 739 960; x_wconf 74' lang='lat' dir='ltr'>magnaeque</span> <span class='ocrx_word' id='word_1_61' title='bbox 769 891 983 960; x_wconf 85' lang='lat' dir='ltr'>praedae</span> <span class='ocrx_word' id='word_1_62' title='bbox 1013 896 1155 946; x_wconf 82' lang='lat' dir='ltr'>actae</span> <span class='ocrx_word' id='word_1_63' title='bbox 1185 893 1325 945; x_wconf 86' lang='lat' dir='ltr'>sunt</span> <span class='ocrx_word' id='word_1_64' title='bbox 1346 890 1704 945; x_wconf 83' lang='lat' dir='ltr'>:maritimos</span> <span class='ocrx_word' id='word_1_65' title='bbox 1723 888 2105 957; x_wconf 79' lang='lat' dir='ltr'>Ptolemaeus,</span> <span class='ocrx_word' id='word_1_66' title='bbox 2127 892 2359 943; x_wconf 87' lang='lat' dir='ltr'>ceteros</span> 
     </span>
     <span class='ocr_line' id='line_1_13' title="bbox 394 977 2358 1049; baseline 0 -17"><span class='ocrx_word' id='word_1_67' title='bbox 394 980 519 1048; x_wconf 92' lang='lat' dir='ltr'>ipse</span> <span class='ocrx_word' id='word_1_68' title='bbox 543 994 667 1045; x_wconf 78' lang='lat' dir='ltr'>rex,</span> <span class='ocrx_word' id='word_1_69' title='bbox 690 982 747 1031; x_wconf 90' lang='lat' dir='ltr'>et</span> <span class='ocrx_word' id='word_1_70' title='bbox 775 979 846 1032; x_wconf 88' lang='lat' dir='ltr'>ab</span> <span class='ocrx_word' id='word_1_71' title='bbox 881 980 992 1032; x_wconf 87' lang='lat' dir='ltr'>alia</span> <span class='ocrx_word' id='word_1_72' title='bbox 1018 982 1181 1049; x_wconf 85' lang='lat' dir='ltr'>parte</span> <span class='ocrx_word' id='word_1_73' title='bbox 1210 979 1565 1047; x_wconf 82' lang='lat' dir='ltr'>LeonnatuS,</span> <span class='ocrx_word' id='word_1_74' title='bbox 1591 978 1857 1031; x_wconf 87' lang='lat' dir='ltr'>urebant.</span> <span class='ocrx_word' id='word_1_75' title='bbox 1885 977 1950 1030; x_wconf 90' lang='lat' dir='ltr'>In</span> <span class='ocrx_word' id='word_1_76' title='bbox 1981 977 2092 1030; x_wconf 89' lang='lat' dir='ltr'>hac</span> <span class='ocrx_word' id='word_1_77' title='bbox 2121 993 2358 1048; x_wconf 86' lang='lat' dir='ltr'>quoque</span> 
     </span>
     <span class='ocr_line' id='line_1_14' title="bbox 388 1065 2360 1138; baseline 0.001 -19"><span class='ocrx_word' id='word_1_78' title='bbox 388 1066 636 1136; x_wconf 79' lang='lat' dir='ltr'>regione</span> <span class='ocrx_word' id='word_1_79' title='bbox 684 1065 891 1120; x_wconf 82' lang='lat' dir='ltr'>urbem</span> <span class='ocrx_word' id='word_1_80' title='bbox 912 1068 950 1094; x_wconf 78' lang='lat'>¹¹</span> <span class='ocrx_word' id='word_1_81' title='bbox 999 1068 1292 1136; x_wconf 84' lang='lat' dir='ltr'>condidit,</span> <span class='ocrx_word' id='word_1_82' title='bbox 1345 1068 1695 1138; x_wconf 77' lang='lat' dir='ltr'>deductique</span> <span class='ocrx_word' id='word_1_83' title='bbox 1737 1069 1877 1120; x_wconf 91' lang='lat' dir='ltr'>sunt</span> <span class='ocrx_word' id='word_1_84' title='bbox 1922 1067 1986 1119; x_wconf 90' lang='lat' dir='ltr'>in</span> <span class='ocrx_word' id='word_1_85' title='bbox 2035 1082 2171 1120; x_wconf 73' lang='lat' dir='ltr'>eam</span> <span class='ocrx_word' id='word_1_86' title='bbox 2216 1066 2360 1121; x_wconf 84' lang='lat' dir='ltr'>Ara-</span> 
     </span>
     <span class='ocr_line' id='line_1_15' title="bbox 388 1155 600 1207; baseline 0 0"><span class='ocrx_word' id='word_1_87' title='bbox 388 1155 600 1207; x_wconf 53' lang='lat' dir='ltr'>chosiiss</span> 
     </span>
    </p>

    <p class='ocr_par' dir='ltr' id='par_1_7' title="bbox 385 1239 2367 1935">
     <span class='ocr_line' id='line_1_16' title="bbox 460 1239 2360 1313; baseline 0.002 -19"><span class='ocrx_word' id='word_1_88' title='bbox 460 1239 611 1296; x_wconf 88' lang='lat' dir='ltr'>Hinc</span> <span class='ocrx_word' id='word_1_89' title='bbox 639 1244 905 1313; x_wconf 88' lang='lat' dir='ltr'>pervenit</span> <span class='ocrx_word' id='word_1_90' title='bbox 946 1245 1015 1299; x_wconf 91' lang='lat' dir='ltr'>ad</span> <span class='ocrx_word' id='word_1_91' title='bbox 1045 1246 1376 1300; x_wconf 87' lang='lat' dir='ltr'>maritimos</span> <span class='ocrx_word' id='word_1_92' title='bbox 1419 1246 1623 1299; x_wconf 70' lang='lat' dir='ltr'>Indos,</span> <span class='ocrx_word' id='word_1_93' title='bbox 1653 1245 1962 1298; x_wconf 79' lang='lat' dir='ltr'>Desertam</span> <span class='ocrx_word' id='word_1_94' title='bbox 2006 1246 2360 1313; x_wconf 80' lang='lat' dir='ltr'>vastamque</span> 
     </span>
     <span class='ocr_line' id='line_1_17' title="bbox 386 1329 2361 1403; baseline 0.002 -21"><span class='ocrx_word' id='word_1_95' title='bbox 386 1330 690 1401; x_wconf 76' lang='lat' dir='ltr'>regionem</span> <span class='ocrx_word' id='word_1_96' title='bbox 722 1329 837 1386; x_wconf 86' lang='lat' dir='ltr'>late</span> <span class='ocrx_word' id='word_1_97' title='bbox 868 1337 1083 1401; x_wconf 87' lang='lat' dir='ltr'>tenent,</span> <span class='ocrx_word' id='word_1_98' title='bbox 1106 1350 1172 1388; x_wconf 90' lang='lat' dir='ltr'>ac</span> <span class='ocrx_word' id='word_1_99' title='bbox 1201 1350 1275 1388; x_wconf 89' lang='lat' dir='ltr'>ne</span> <span class='ocrx_word' id='word_1_100' title='bbox 1301 1349 1432 1388; x_wconf 87' lang='lat' dir='ltr'>cum</span> <span class='ocrx_word' id='word_1_101' title='bbox 1464 1332 1731 1385; x_wconf 78' lang='lat' dir='ltr'>finitimis</span> <span class='ocrx_word' id='word_1_102' title='bbox 1761 1331 1999 1403; x_wconf 85' lang='lat' dir='ltr'>quidem</span> <span class='ocrx_word' id='word_1_103' title='bbox 2036 1331 2159 1385; x_wconf 88' lang='lat' dir='ltr'>ullo</span> <span class='ocrx_word' id='word_1_104' title='bbox 2203 1347 2361 1387; x_wconf 77' lang='lat' dir='ltr'>com-</span> 
     </span>
     <span class='ocr_line' id='line_1_18' title="bbox 386 1419 2363 1492; baseline 0.002 -21"><span class='ocrx_word' id='word_1_105' title='bbox 386 1419 596 1474; x_wconf 86' lang='lat' dir='ltr'>mercii</span> <span class='ocrx_word' id='word_1_106' title='bbox 622 1421 758 1491; x_wconf 83' lang='lat' dir='ltr'>jure</span> <span class='ocrx_word' id='word_1_107' title='bbox 787 1422 1127 1476; x_wconf 80' lang='lat' dir='ltr'>miscentur.</span> <span class='ocrx_word' id='word_1_108' title='bbox 1161 1423 1297 1492; x_wconf 87' lang='lat' dir='ltr'>Ipsa</span> <span class='ocrx_word' id='word_1_109' title='bbox 1340 1421 1600 1476; x_wconf 89' lang='lat' dir='ltr'>solitudo</span> <span class='ocrx_word' id='word_1_110' title='bbox 1633 1424 1840 1474; x_wconf 88' lang='lat' dir='ltr'>natura</span> <span class='ocrx_word' id='word_1_111' title='bbox 1880 1435 2114 1490; x_wconf 88' lang='lat' dir='ltr'>quoque</span> <span class='ocrx_word' id='word_1_112' title='bbox 2165 1421 2363 1474; x_wconf 85' lang='lat' dir='ltr'>immi-</span> 
     </span>
     <span class='ocr_line' id='line_1_19' title="bbox 385 1507 2358 1581; baseline 0.002 -22"><span class='ocrx_word' id='word_1_113' title='bbox 385 1508 466 1562; x_wconf 79' lang='lat' dir='ltr'>tia</span> <span class='ocrx_word' id='word_1_114' title='bbox 510 1507 779 1563; x_wconf 79' lang='lat' dir='ltr'>efferavit</span> <span class='ocrx_word' id='word_1_115' title='bbox 817 1511 1095 1581; x_wconf 84' lang='lat' dir='ltr'>ingenia:</span> <span class='ocrx_word' id='word_1_116' title='bbox 1137 1512 1477 1581; x_wconf 84' lang='lat' dir='ltr'>prominent</span> <span class='ocrx_word' id='word_1_117' title='bbox 1521 1524 1755 1581; x_wconf 83' lang='lat' dir='ltr'>ungues</span> <span class='ocrx_word' id='word_1_118' title='bbox 1801 1523 2123 1578; x_wconf 83' lang='lat' dir='ltr'>numquam</span> <span class='ocrx_word' id='word_1_119' title='bbox 2148 1510 2358 1579; x_wconf 71' lang='lat' dir='ltr'>recisi,</span> 
     </span>
     <span class='ocr_line' id='line_1_20' title="bbox 388 1597 2367 1671; baseline 0.001 -20"><span class='ocrx_word' id='word_1_120' title='bbox 388 1611 572 1652; x_wconf 84' lang='lat' dir='ltr'>comae</span> <span class='ocrx_word' id='word_1_121' title='bbox 585 1597 825 1653; x_wconf 76' lang='lat' dir='ltr'>hirsutae</span> <span class='ocrx_word' id='word_1_122' title='bbox 844 1604 897 1653; x_wconf 88' lang='lat' dir='ltr'>et</span> <span class='ocrx_word' id='word_1_123' title='bbox 917 1601 1172 1654; x_wconf 79' lang='lat' dir='ltr'>intonsae</span> <span class='ocrx_word' id='word_1_124' title='bbox 1192 1603 1347 1654; x_wconf 87' lang='lat' dir='ltr'>sunt.</span> <span class='ocrx_word' id='word_1_125' title='bbox 1363 1600 1627 1671; x_wconf 80' lang='lat' dir='ltr'>Tuguria</span> <span class='ocrx_word' id='word_1_126' title='bbox 1648 1598 1890 1652; x_wconf 82' lang='lat' dir='ltr'>conchis</span> <span class='ocrx_word' id='word_1_127' title='bbox 1906 1602 1962 1651; x_wconf 89' lang='lat' dir='ltr'>et</span> <span class='ocrx_word' id='word_1_128' title='bbox 1982 1599 2202 1653; x_wconf 85' lang='lat' dir='ltr'>ceteris</span> <span class='ocrx_word' id='word_1_129' title='bbox 2224 1615 2367 1669; x_wconf 90' lang='lat' dir='ltr'>pur-</span> 
     </span>
     <span class='ocr_line' id='line_1_21' title="bbox 387 1688 2363 1758; baseline 0.001 -18"><span class='ocrx_word' id='word_1_130' title='bbox 387 1689 681 1758; x_wconf 67' lang='lat' dir='ltr'>gamentis</span> <span class='ocrx_word' id='word_1_131' title='bbox 711 1690 891 1743; x_wconf 85' lang='lat' dir='ltr'>maris</span> <span class='ocrx_word' id='word_1_132' title='bbox 925 1689 1247 1743; x_wconf 86' lang='lat' dir='ltr'>instruunt.</span> <span class='ocrx_word' id='word_1_133' title='bbox 1283 1689 1566 1743; x_wconf 86' lang='lat' dir='ltr'>Ferarum</span> <span class='ocrx_word' id='word_1_134' title='bbox 1599 1688 1857 1757; x_wconf 88' lang='lat' dir='ltr'>pellibus</span> <span class='ocrx_word' id='word_1_135' title='bbox 1893 1689 2051 1753; x_wconf 82' lang='lat' dir='ltr'>tecti,</span> <span class='ocrx_word' id='word_1_136' title='bbox 2084 1689 2363 1756; x_wconf 81' lang='lat' dir='ltr'>piscibus</span> 
     </span>
     <span class='ocr_line' id='line_1_22' title="bbox 387 1776 2357 1847; baseline 0 -18"><span class='ocrx_word' id='word_1_137' title='bbox 387 1776 514 1831; x_wconf 83' lang='lat' dir='ltr'>sole</span> <span class='ocrx_word' id='word_1_138' title='bbox 562 1777 809 1843; x_wconf 80' lang='lat' dir='ltr'>duratis,</span> <span class='ocrx_word' id='word_1_139' title='bbox 858 1780 913 1831; x_wconf 90' lang='lat' dir='ltr'>et</span> <span class='ocrx_word' id='word_1_140' title='bbox 958 1778 1246 1847; x_wconf 80' lang='lat' dir='ltr'>majorum</span> <span class='ocrx_word' id='word_1_141' title='bbox 1293 1793 1525 1847; x_wconf 88' lang='lat' dir='ltr'>quoque</span> <span class='ocrx_word' id='word_1_142' title='bbox 1571 1776 1896 1845; x_wconf 88' lang='lat' dir='ltr'>beluarum,</span> <span class='ocrx_word' id='word_1_143' title='bbox 1939 1791 2088 1845; x_wconf 86' lang='lat' dir='ltr'>quas</span> <span class='ocrx_word' id='word_1_144' title='bbox 2131 1776 2357 1831; x_wconf 83' lang='lat' dir='ltr'>fluetus</span> 
     </span>
     <span class='ocr_line' id='line_1_23' title="bbox 387 1865 1153 1935; baseline -0.001 -15"><span class='ocrx_word' id='word_1_145' title='bbox 387 1865 582 1935; x_wconf 82' lang='lat' dir='ltr'>ejecit,</span> <span class='ocrx_word' id='word_1_146' title='bbox 618 1879 787 1919; x_wconf 83' lang='lat' dir='ltr'>carne</span> <span class='ocrx_word' id='word_1_147' title='bbox 816 1871 1153 1920; x_wconf 82' lang='lat' dir='ltr'>vescuntur.</span> 
     </span>
    </p>

    <p class='ocr_par' dir='ltr' id='par_1_8' title="bbox 382 1952 2360 2558">
     <span class='ocr_line' id='line_1_24' title="bbox 441 1952 2352 2027; baseline 0.001 -19"><span class='ocrx_word' id='word_1_148' title='bbox 441 1952 835 2024; x_wconf 79' lang='lat' dir='ltr'>Consumptis</span> <span class='ocrx_word' id='word_1_149' title='bbox 875 1955 1056 2027; x_wconf 87' lang='lat' dir='ltr'>igitur</span> <span class='ocrx_word' id='word_1_150' title='bbox 1103 1955 1416 2018; x_wconf 53' lang='lat' dir='ltr'>alimentis</span> <span class='ocrx_word' id='word_1_151' title='bbox 1451 1954 1800 2010; x_wconf 82' lang='lat' dir='ltr'>Macedones</span> <span class='ocrx_word' id='word_1_152' title='bbox 1837 1954 2029 2025; x_wconf 89' lang='lat' dir='ltr'>primo</span> <span class='ocrx_word' id='word_1_153' title='bbox 2071 1955 2352 2025; x_wconf 81' lang='lat' dir='ltr'>inopiam,</span> 
     </span>
     <span class='ocr_line' id='line_1_25' title="bbox 389 2042 2359 2112; baseline 0.001 -16"><span class='ocrx_word' id='word_1_154' title='bbox 389 2042 592 2096; x_wconf 88' lang='lat' dir='ltr'>deinde</span> <span class='ocrx_word' id='word_1_155' title='bbox 626 2042 691 2095; x_wconf 92' lang='lat' dir='ltr'>ad</span> <span class='ocrx_word' id='word_1_156' title='bbox 726 2043 992 2097; x_wconf 83' lang='lat' dir='ltr'>ultimum</span> <span class='ocrx_word' id='word_1_157' title='bbox 1024 2043 1233 2097; x_wconf 82' lang='lat' dir='ltr'>famem</span> <span class='ocrx_word' id='word_1_158' title='bbox 1266 2044 1489 2098; x_wconf 89' lang='lat' dir='ltr'>sentire</span> <span class='ocrx_word' id='word_1_159' title='bbox 1517 2046 1836 2112; x_wconf 86' lang='lat' dir='ltr'>coeperunt,</span> <span class='ocrx_word' id='word_1_160' title='bbox 1869 2043 2101 2097; x_wconf 79' lang='lat' dir='ltr'>radices</span> <span class='ocrx_word' id='word_1_161' title='bbox 2129 2044 2359 2112; x_wconf 73' lang='lat' dir='ltr'>palma-</span> 
     </span>
     <span class='ocr_line' id='line_1_26' title="bbox 382 2131 2353 2204; baseline 0.001 -21"><span class='ocrx_word' id='word_1_162' title='bbox 382 2146 513 2184; x_wconf 90' lang='lat' dir='ltr'>rum</span> <span class='ocrx_word' id='word_1_163' title='bbox 532 2158 604 2170; x_wconf 87' lang='lat'>-—</span> <span class='ocrx_word' id='word_1_164' title='bbox 624 2147 876 2200; x_wconf 87' lang='lat' dir='ltr'>namque</span> <span class='ocrx_word' id='word_1_165' title='bbox 908 2132 1032 2186; x_wconf 89' lang='lat' dir='ltr'>sola</span> <span class='ocrx_word' id='word_1_166' title='bbox 1064 2147 1133 2186; x_wconf 88' lang='lat' dir='ltr'>ea</span> <span class='ocrx_word' id='word_1_167' title='bbox 1165 2132 1347 2186; x_wconf 85' lang='lat' dir='ltr'>arbor</span> <span class='ocrx_word' id='word_1_168' title='bbox 1374 2131 2019 2204; x_wconf 80' lang='lat' dir='ltr'>gignitur¹²——ubique</span> <span class='ocrx_word' id='word_1_169' title='bbox 2040 2133 2353 2185; x_wconf 80' lang='lat' dir='ltr'>rimanteS.</span> 
     </span>
     <span class='ocr_line' id='line_1_27' title="bbox 382 2219 2356 2290; baseline -0.001 -16"><span class='ocrx_word' id='word_1_170' title='bbox 382 2219 519 2286; x_wconf 82' lang='lat' dir='ltr'>Sed,</span> <span class='ocrx_word' id='word_1_171' title='bbox 550 2235 683 2273; x_wconf 87' lang='lat' dir='ltr'>cum</span> <span class='ocrx_word' id='word_1_172' title='bbox 714 2221 839 2273; x_wconf 83' lang='lat' dir='ltr'>haec</span> <span class='ocrx_word' id='word_1_173' title='bbox 874 2235 1112 2290; x_wconf 86' lang='lat' dir='ltr'>quoque</span> <span class='ocrx_word' id='word_1_174' title='bbox 1141 2220 1419 2273; x_wconf 75' lang='lat' dir='ltr'>alimenta</span> <span class='ocrx_word' id='word_1_175' title='bbox 1447 2219 1799 2288; x_wconf 77' lang='lat' dir='ltr'>defecerant,</span> <span class='ocrx_word' id='word_1_176' title='bbox 1825 2219 2096 2289; x_wconf 74' lang='lat' dir='ltr'>jumenta</span> <span class='ocrx_word' id='word_1_177' title='bbox 2123 2219 2356 2273; x_wconf 79' lang='lat' dir='ltr'>caedere</span> 
     </span>
     <span class='ocr_line' id='line_1_28' title="bbox 383 2308 2360 2382; baseline -0.001 -20"><span class='ocrx_word' id='word_1_178' title='bbox 383 2311 682 2381; x_wconf 81' lang='lat' dir='ltr'>aggressi,</span> <span class='ocrx_word' id='word_1_179' title='bbox 725 2326 799 2364; x_wconf 88' lang='lat' dir='ltr'>ne</span> <span class='ocrx_word' id='word_1_180' title='bbox 841 2311 1008 2379; x_wconf 82' lang='lat' dir='ltr'>equis</span> <span class='ocrx_word' id='word_1_181' title='bbox 1052 2310 1283 2382; x_wconf 87' lang='lat' dir='ltr'>quidem</span> <span class='ocrx_word' id='word_1_182' title='bbox 1332 2310 1749 2366; x_wconf 82' lang='lat' dir='ltr'>abstinebant:</span> <span class='ocrx_word' id='word_1_183' title='bbox 1793 2312 1866 2378; x_wconf 91' lang='lat' dir='ltr'>et,</span> <span class='ocrx_word' id='word_1_184' title='bbox 1905 2326 2040 2365; x_wconf 85' lang='lat' dir='ltr'>eum</span> <span class='ocrx_word' id='word_1_185' title='bbox 2080 2308 2360 2364; x_wconf 72' lang='lat' dir='ltr'>deessent</span> 
     </span>
     <span class='ocr_line' id='line_1_29' title="bbox 384 2397 2354 2469; baseline 0.001 -19"><span class='ocrx_word' id='word_1_186' title='bbox 384 2413 517 2467; x_wconf 82' lang='lat' dir='ltr'>quae</span> <span class='ocrx_word' id='word_1_187' title='bbox 567 2399 835 2452; x_wconf 77' lang='lat' dir='ltr'>sarcinas</span> <span class='ocrx_word' id='word_1_188' title='bbox 880 2397 1193 2466; x_wconf 80' lang='lat' dir='ltr'>veherent,</span> <span class='ocrx_word' id='word_1_189' title='bbox 1242 2398 1430 2468; x_wconf 90' lang='lat' dir='ltr'>spolia</span> <span class='ocrx_word' id='word_1_190' title='bbox 1479 2401 1550 2453; x_wconf 87' lang='lat' dir='ltr'>de</span> <span class='ocrx_word' id='word_1_191' title='bbox 1594 2399 1895 2467; x_wconf 63' lang='lat' dir='ltr'>hostibus»,</span> <span class='ocrx_word' id='word_1_192' title='bbox 1937 2401 2183 2469; x_wconf 77' lang='lat' dir='ltr'>propter</span> <span class='ocrx_word' id='word_1_193' title='bbox 2222 2410 2354 2468; x_wconf 75' lang='lat' dir='ltr'>quae</span> 
     </span>
     <span class='ocr_line' id='line_1_30' title="bbox 383 2486 2087 2558; baseline 0.001 -19"><span class='ocrx_word' id='word_1_194' title='bbox 383 2486 587 2539; x_wconf 88' lang='lat' dir='ltr'>ultima</span> <span class='ocrx_word' id='word_1_195' title='bbox 615 2487 872 2540; x_wconf 81' lang='lat' dir='ltr'>Orientis</span> <span class='ocrx_word' id='word_1_196' title='bbox 899 2491 1379 2558; x_wconf 82' lang='lat' dir='ltr'>peragraverant,</span> <span class='ocrx_word' id='word_1_197' title='bbox 1416 2488 1752 2542; x_wconf 80' lang='lat' dir='ltr'>cremabant</span> <span class='ocrx_word' id='word_1_198' title='bbox 1788 2488 2087 2541; x_wconf 88' lang='lat' dir='ltr'>incendio.</span> 
     </span>
    </p>

    <p class='ocr_par' dir='ltr' id='par_1_9' title="bbox 384 2574 2353 3001">
     <span class='ocr_line' id='line_1_31' title="bbox 455 2574 2353 2647; baseline -0.001 -19"><span class='ocrx_word' id='word_1_199' title='bbox 455 2574 695 2629; x_wconf 89' lang='lat' dir='ltr'>Famem</span> <span class='ocrx_word' id='word_1_200' title='bbox 727 2576 932 2629; x_wconf 90' lang='lat' dir='ltr'>deinde</span> <span class='ocrx_word' id='word_1_201' title='bbox 958 2577 1295 2647; x_wconf 82' lang='lat' dir='ltr'>pestilentia</span> <span class='ocrx_word' id='word_1_202' title='bbox 1333 2580 1535 2631; x_wconf 88' lang='lat' dir='ltr'>secuta</span> <span class='ocrx_word' id='word_1_203' title='bbox 1572 2579 1678 2641; x_wconf 85' lang='lat' dir='ltr'>est,</span> <span class='ocrx_word' id='word_1_204' title='bbox 1711 2577 1926 2646; x_wconf 89' lang='lat' dir='ltr'>quippe</span> <span class='ocrx_word' id='word_1_205' title='bbox 1960 2575 2353 2629; x_wconf 84' lang='lat' dir='ltr'>insalubrium</span> 
     </span>
     <span class='ocr_line' id='line_1_32' title="bbox 386 2663 2351 2735; baseline 0 -19"><span class='ocrx_word' id='word_1_206' title='bbox 386 2663 652 2718; x_wconf 87' lang='lat' dir='ltr'>ciborum</span> <span class='ocrx_word' id='word_1_207' title='bbox 692 2665 831 2717; x_wconf 89' lang='lat' dir='ltr'>novi</span> <span class='ocrx_word' id='word_1_208' title='bbox 869 2665 1017 2730; x_wconf 91' lang='lat' dir='ltr'>suci,</span> <span class='ocrx_word' id='word_1_209' title='bbox 1054 2664 1126 2717; x_wconf 89' lang='lat' dir='ltr'>ad</span> <span class='ocrx_word' id='word_1_210' title='bbox 1154 2664 1265 2719; x_wconf 89' lang='lat' dir='ltr'>hoc</span> <span class='ocrx_word' id='word_1_211' title='bbox 1295 2665 1531 2719; x_wconf 89' lang='lat' dir='ltr'>itineris</span> <span class='ocrx_word' id='word_1_212' title='bbox 1568 2665 1736 2718; x_wconf 89' lang='lat' dir='ltr'>labor</span> <span class='ocrx_word' id='word_1_213' title='bbox 1765 2667 1820 2717; x_wconf 90' lang='lat' dir='ltr'>et</span> <span class='ocrx_word' id='word_1_214' title='bbox 1850 2664 2138 2735; x_wconf 84' lang='lat' dir='ltr'>aegritudo</span> <span class='ocrx_word' id='word_1_215' title='bbox 2166 2665 2351 2717; x_wconf 87' lang='lat' dir='ltr'>animi</span> 
     </span>
     <span class='ocr_line' id='line_1_33' title="bbox 384 2753 2349 2823; baseline 0.002 -19"><span class='ocrx_word' id='word_1_216' title='bbox 384 2753 777 2823; x_wconf 84' lang='lat' dir='ltr'>vulgaverant</span> <span class='ocrx_word' id='word_1_217' title='bbox 815 2754 1091 2815; x_wconf 87' lang='lat' dir='ltr'>morbos;</span> <span class='ocrx_word' id='word_1_218' title='bbox 1134 2757 1188 2807; x_wconf 91' lang='lat' dir='ltr'>et</span> <span class='ocrx_word' id='word_1_219' title='bbox 1237 2769 1345 2807; x_wconf 87' lang='lat' dir='ltr'>nec</span> <span class='ocrx_word' id='word_1_220' title='bbox 1385 2769 1626 2807; x_wconf 86' lang='lat' dir='ltr'>manere</span> <span class='ocrx_word' id='word_1_221' title='bbox 1672 2755 1805 2808; x_wconf 90' lang='lat' dir='ltr'>sine</span> <span class='ocrx_word' id='word_1_222' title='bbox 1850 2754 2019 2806; x_wconf 87' lang='lat' dir='ltr'>clade</span> <span class='ocrx_word' id='word_1_223' title='bbox 2056 2768 2161 2808; x_wconf 91' lang='lat' dir='ltr'>nec</span> <span class='ocrx_word' id='word_1_224' title='bbox 2204 2768 2349 2823; x_wconf 79' lang='lat' dir='ltr'>pro-</span> 
     </span>
     <span class='ocr_line' id='line_1_34' title="bbox 385 2840 2345 2913; baseline 0.002 -21"><span class='ocrx_word' id='word_1_225' title='bbox 385 2841 555 2911; x_wconf 88' lang='lat' dir='ltr'>gredi</span> <span class='ocrx_word' id='word_1_226' title='bbox 593 2844 863 2909; x_wconf 88' lang='lat' dir='ltr'>poterant</span> <span class='ocrx_word' id='word_1_227' title='bbox 895 2855 907 2894; x_wconf 89' lang='lat'>:</span> <span class='ocrx_word' id='word_1_228' title='bbox 942 2843 1248 2894; x_wconf 88' lang='lat' dir='ltr'>manentes</span> <span class='ocrx_word' id='word_1_229' title='bbox 1288 2840 1490 2907; x_wconf 84' lang='lat' dir='ltr'>fames,</span> <span class='ocrx_word' id='word_1_230' title='bbox 1524 2857 1890 2913; x_wconf 88' lang='lat' dir='ltr'>progressos</span> <span class='ocrx_word' id='word_1_231' title='bbox 1931 2844 2127 2897; x_wconf 82' lang='lat' dir='ltr'>acrior</span> <span class='ocrx_word' id='word_1_232' title='bbox 2158 2843 2345 2912; x_wconf 86' lang='lat' dir='ltr'>pesti·</span> 
     </span>
     <span class='ocr_line' id='line_1_35' title="bbox 387 2926 2348 3001; baseline 0.002 -20"><span class='ocrx_word' id='word_1_233' title='bbox 387 2926 566 2983; x_wconf 87' lang='lat' dir='ltr'>lentia</span> <span class='ocrx_word' id='word_1_234' title='bbox 596 2929 864 3000; x_wconf 84' lang='lat' dir='ltr'>urgebat.</span> <span class='ocrx_word' id='word_1_235' title='bbox 889 2927 1051 2999; x_wconf 87' lang='lat' dir='ltr'>Ergo</span> <span class='ocrx_word' id='word_1_236' title='bbox 1084 2929 1251 2983; x_wconf 87' lang='lat' dir='ltr'>strati</span> <span class='ocrx_word' id='word_1_237' title='bbox 1281 2933 1445 2983; x_wconf 88' lang='lat' dir='ltr'>erant</span> <span class='ocrx_word' id='word_1_238' title='bbox 1470 2931 1656 3001; x_wconf 89' lang='lat' dir='ltr'>campi</span> <span class='ocrx_word' id='word_1_239' title='bbox 1683 2945 1850 3000; x_wconf 83' lang='lat' dir='ltr'>paene</span> <span class='ocrx_word' id='word_1_240' title='bbox 1875 2931 2152 3000; x_wconf 88' lang='lat' dir='ltr'>pluribus</span> <span class='ocrx_word' id='word_1_241' title='bbox 2178 2931 2348 2985; x_wconf 89' lang='lat' dir='ltr'>semi-</span> 
     </span>
    </p>
   </div>
   <div class='ocr_carea' id='block_1_7' title="bbox 387 3135 2343 3381">
    <p class='ocr_par' dir='ltr' id='par_1_10' title="bbox 387 3135 2343 3381">
     <span class='ocr_line' id='line_1_36' title="bbox 438 3135 2340 3194; baseline -0.001 -14"><span class='ocrx_word' id='word_1_242' title='bbox 438 3139 485 3180; x_wconf 77' lang='grc'>8.</span> <span class='ocrx_word' id='word_1_243' title='bbox 518 3135 738 3179; x_wconf 69' lang='lat' dir='ltr'>L’Arabm-</span> <span class='ocrx_word' id='word_1_244' title='bbox 755 3135 1064 3190; x_wconf 68' lang='lat' dir='ltr'>(aujourd&#39;bui</span> <span class='ocrx_word' id='word_1_245' title='bbox 1092 3137 1275 3181; x_wconf 77' lang='lat' dir='ltr'>Arabah</span> <span class='ocrx_word' id='word_1_246' title='bbox 1301 3148 1363 3181; x_wconf 87' lang='lat' dir='ltr'>ou</span> <span class='ocrx_word' id='word_1_247' title='bbox 1389 3137 1603 3194; x_wconf 71' lang='lat' dir='ltr'>Pom-aly)</span> <span class='ocrx_word' id='word_1_248' title='bbox 1634 3141 1707 3182; x_wconf 80' lang='lat' dir='ltr'>est</span> <span class='ocrx_word' id='word_1_249' title='bbox 1732 3148 1824 3182; x_wconf 78' lang='lat' dir='ltr'>une</span> <span class='ocrx_word' id='word_1_250' title='bbox 1855 3140 2003 3194; x_wconf 79' lang='lat' dir='ltr'>petite</span> <span class='ocrx_word' id='word_1_251' title='bbox 2030 3139 2192 3182; x_wconf 64' lang='lat' dir='ltr'>riviere</span> <span class='ocrx_word' id='word_1_252' title='bbox 2217 3139 2273 3184; x_wconf 86' lang='lat' dir='ltr'>de</span> <span class='ocrx_word' id='word_1_253' title='bbox 2295 3138 2340 3182; x_wconf 81' lang='lat' dir='ltr'>la</span> 
     </span>
     <span class='ocr_line' id='line_1_37' title="bbox 388 3196 2343 3266; baseline 0.001 -25"><span class='ocrx_word' id='word_1_254' title='bbox 388 3197 622 3266; x_wconf 65' lang='lat' dir='ltr'>Gedrosis,</span> <span class='ocrx_word' id='word_1_255' title='bbox 664 3199 742 3252; x_wconf 82' lang='lat' dir='ltr'>qui</span> <span class='ocrx_word' id='word_1_256' title='bbox 786 3209 838 3241; x_wconf 85' lang='lat' dir='ltr'>se</span> <span class='ocrx_word' id='word_1_257' title='bbox 879 3199 994 3253; x_wconf 74' lang='lat' dir='ltr'>jetta</span> <span class='ocrx_word' id='word_1_258' title='bbox 1042 3199 1156 3242; x_wconf 88' lang='lat' dir='ltr'>dans</span> <span class='ocrx_word' id='word_1_259' title='bbox 1195 3196 1387 3244; x_wconf 76' lang='lat' dir='ltr'>l’ocean</span> <span class='ocrx_word' id='word_1_260' title='bbox 1421 3199 1591 3244; x_wconf 63' lang='lat' dir='ltr'>indica.</span> <span class='ocrx_word' id='word_1_261' title='bbox 1633 3199 1673 3243; x_wconf 65' lang='lat' dir='ltr'>ll‘s</span> <span class='ocrx_word' id='word_1_262' title='bbox 1713 3200 1876 3255; x_wconf 68' lang='lat' dir='ltr'>separe</span> <span class='ocrx_word' id='word_1_263' title='bbox 1913 3201 1984 3245; x_wconf 78' lang='lat' dir='ltr'>les</span> <span class='ocrx_word' id='word_1_264' title='bbox 2021 3203 2225 3246; x_wconf 69' lang='lat' dir='ltr'>Arabttes</span> <span class='ocrx_word' id='word_1_265' title='bbox 2261 3201 2343 3244; x_wconf 84' lang='lat' dir='ltr'>des</span> 
     </span>
     <span class='ocr_line' id='line_1_38' title="bbox 387 3261 2331 3381; baseline 0.005 -19"><span class='ocrx_word' id='word_1_266' title='bbox 387 3261 596 3362; x_wconf 53' lang='grc' dir='ltr'>Οηῠῗοῖἒε</span> <span class='ocrx_word' id='word_1_267' title='bbox 618 3316 760 3360; x_wconf 65' lang='lat' dir='ltr'>orites</span> <span class='ocrx_word' id='word_1_268' title='bbox 788 3319 1042 3366; x_wconf 74' lang='lat' dir='ltr'>habitaient</span> <span class='ocrx_word' id='word_1_269' title='bbox 1060 3322 1087 3366; x_wconf 74' lang='grc' dir='ltr'>ὲ</span> <span class='ocrx_word' id='word_1_270' title='bbox 1110 3325 1279 3368; x_wconf 82' lang='lat' dir='ltr'>l&#39;ouest</span> <span class='ocrx_word' id='word_1_271' title='bbox 1295 3323 1354 3368; x_wconf 79' lang='lat' dir='ltr'>de</span> <span class='ocrx_word' id='word_1_272' title='bbox 1384 3325 1430 3366; x_wconf 80' lang='lat' dir='ltr'>la</span> <span class='ocrx_word' id='word_1_273' title='bbox 1458 3323 1627 3368; x_wconf 69' lang='lat' dir='ltr'>riviere</span> <span class='ocrx_word' id='word_1_274' title='bbox 1645 3324 1834 3379; x_wconf 73' lang='lat' dir='ltr'>ArabuS,</span> <span class='ocrx_word' id='word_1_275' title='bbox 1862 3325 1909 3370; x_wconf 87' lang='lat' dir='ltr'>le</span> <span class='ocrx_word' id='word_1_276' title='bbox 1937 3327 2050 3381; x_wconf 85' lang='lat' dir='ltr'>long</span> <span class='ocrx_word' id='word_1_277' title='bbox 2066 3328 2122 3371; x_wconf 84' lang='lat' dir='ltr'>de</span> <span class='ocrx_word' id='word_1_278' title='bbox 2146 3326 2190 3370; x_wconf 81' lang='lat' dir='ltr'>la</span> <span class='ocrx_word' id='word_1_279' title='bbox 2215 3326 2331 3371; x_wconf 68' lang='lat' dir='ltr'>eote.</span> 
     </span>
    </p>
   </div>
   <div class='ocr_carea' id='block_1_8' title="bbox 347 3379 2335 3444">
    <p class='ocr_par' dir='ltr' id='par_1_11' title="bbox 347 3379 2335 3444">
     <span class='ocr_line' id='line_1_39' title="bbox 347 3379 2335 3444; baseline 0.006 -24"><span class='ocrx_word' id='word_1_280' title='bbox 347 3384 358 3393; x_wconf 68' lang='grc'><em>“</em></span> <span class='ocrx_word' id='word_1_281' title='bbox 442 3384 514 3423; x_wconf 76' lang='lat'>10.</span> <span class='ocrx_word' id='word_1_282' title='bbox 548 3379 703 3420; x_wconf 70' lang='lat' dir='ltr'>Lenem</span> <span class='ocrx_word' id='word_1_283' title='bbox 746 3385 1029 3435; x_wconf 66' lang='lat' dir='ltr'>armaturam,</span> <span class='ocrx_word' id='word_1_284' title='bbox 1074 3395 1253 3430; x_wconf 80' lang='lat' dir='ltr'>comme</span> <span class='ocrx_word' id='word_1_285' title='bbox 1298 3385 1466 3430; x_wconf 65' lang='lat' dir='ltr'>milites</span> <span class='ocrx_word' id='word_1_286' title='bbox 1511 3387 1668 3432; x_wconf 75' lang='lat' dir='ltr'>leviter</span> <span class='ocrx_word' id='word_1_287' title='bbox 1703 3389 1880 3441; x_wconf 70' lang='lat' dir='ltr'>armati,</span> <span class='ocrx_word' id='word_1_288' title='bbox 1910 3389 2136 3433; x_wconf 75' lang='lat' dir='ltr'>l&#39;abstrait</span> <span class='ocrx_word' id='word_1_289' title='bbox 2155 3400 2264 3444; x_wconf 78' lang='lat' dir='ltr'>pour</span> <span class='ocrx_word' id='word_1_290' title='bbox 2286 3387 2335 3431; x_wconf 70' lang='grc' dir='ltr'><strong>1ο</strong></span> 
     </span>
    </p>
   </div>
   <div class='ocr_carea' id='block_1_9' title="bbox 389 3433 596 3475">
    <p class='ocr_par' dir='ltr' id='par_1_12' title="bbox 389 3433 596 3475">
     <span class='ocr_line' id='line_1_40' title="bbox 389 3433 596 3475; baseline -0.034 0"><span class='ocrx_word' id='word_1_291' title='bbox 389 3433 596 3475; x_wconf 73' lang='lat' dir='ltr'>conci-et.</span> 
     </span>
    </p>
   </div>
   <div class='ocr_carea' id='block_1_10' title="bbox 442 3489 2153 3605">
    <p class='ocr_par' dir='ltr' id='par_1_13' title="bbox 442 3489 2153 3605">
     <span class='ocr_line' id='line_1_41' title="bbox 442 3489 2153 3557; baseline 0.009 -24"><span class='ocrx_word' id='word_1_292' title='bbox 442 3492 518 3534; x_wconf 78' lang='lat'>11.</span> <span class='ocrx_word' id='word_1_293' title='bbox 555 3489 719 3557; x_wconf 57' lang='lat' dir='ltr'>Urbem.</span> <span class='ocrx_word' id='word_1_294' title='bbox 744 3491 927 3537; x_wconf 78' lang='lat' dir='ltr'>C&#39;estla</span> <span class='ocrx_word' id='word_1_295' title='bbox 955 3497 1067 3541; x_wconf 86' lang='lat' dir='ltr'>ville</span> <span class='ocrx_word' id='word_1_296' title='bbox 1086 3511 1270 3545; x_wconf 83' lang='lat' dir='ltr'>connue</span> <span class='ocrx_word' id='word_1_297' title='bbox 1296 3510 1405 3547; x_wconf 80' lang='lat' dir='ltr'>sous</span> <span class='ocrx_word' id='word_1_298' title='bbox 1435 3504 1483 3547; x_wconf 79' lang='lat' dir='ltr'>le</span> <span class='ocrx_word' id='word_1_299' title='bbox 1507 3514 1614 3547; x_wconf 83' lang='lat' dir='ltr'>nom</span> <span class='ocrx_word' id='word_1_300' title='bbox 1643 3502 1966 3549; x_wconf 60' lang='lat' dir='ltr'>&amp;Alexandria</span> <span class='ocrx_word' id='word_1_301' title='bbox 1984 3506 2153 3549; x_wconf 72' lang='lat' dir='ltr'>Criton.</span> 
     </span>
     <span class='ocr_line' id='line_1_42' title="bbox 444 3550 1144 3605; baseline 0.021 -15"><span class='ocrx_word' id='word_1_302' title='bbox 444 3552 514 3593; x_wconf 72' lang='lat'>12.</span> <span class='ocrx_word' id='word_1_303' title='bbox 551 3550 770 3602; x_wconf 71' lang='lat' dir='ltr'>Gtanitur,</span> <span class='ocrx_word' id='word_1_304' title='bbox 791 3551 952 3605; x_wconf 84' lang='lat' dir='ltr'>ellipse</span> <span class='ocrx_word' id='word_1_305' title='bbox 980 3555 1037 3600; x_wconf 84' lang='lat' dir='ltr'>de</span> <span class='ocrx_word' id='word_1_306' title='bbox 1061 3559 1144 3605; x_wconf 75' lang='lat' dir='ltr'>ihi.</span> 
     </span>
    </p>
   </div>
   <div class='ocr_carea' id='block_1_11' title="bbox 2485 0 2488 931">
    <p class='ocr_par' dir='ltr' id='par_1_14' title="bbox 2485 0 2488 931">
     <span class='ocr_line' id='line_1_43' title="bbox 2485 0 2488 931; baseline 0 0"><span class='ocrx_word' id='word_1_307' title='bbox 2485 0 2488 931; x_wconf 95' lang='lat' dir='ltr'> </span> 
     </span>
    </p>
   </div>
   <div class='ocr_carea' id='block_1_12' title="bbox 2482 1476 2491 3937">
    <p class='ocr_par' dir='ltr' id='par_1_15' title="bbox 2482 1476 2491 3937">
     <span class='ocr_line' id='line_1_44' title="bbox 2482 1476 2491 3937; baseline 0 0"><span class='ocrx_word' id='word_1_308' title='bbox 2482 1476 2491 3937; x_wconf 95' lang='lat' dir='ltr'> </span> 
     </span>
    </p>
   </div>
  </div>
 </body>
</html>
