2517 3975
629 309 1027 348 msa-emaum:
1059 309 1393 348 ALExANnm
1432 311 1511 360 xv,
1553 310 1677 346 vm.
2019 316 2028 323 ·
2068 290 2143 348 83

213 411 369 465 muris
393 414 660 469 ambitum
689 415 961 485 destinat,
988 420 1062 485 et,
1097 417 1200 488 qui
1229 417 1654 471 exaedificandae
1682 415 1819 470 urbi
1846 420 2140 486 praessent

208 499 416 568 relictis,
446 503 760 575 Memphim
790 507 959 576 petit.

263 586 465 659 Cupido
493 592 646 647 hand
674 593 896 665 injusta
919 593 1174 666 quidem,
1199 597 1456 648 ceterum
1485 593 1922 663 intempestiva,
1945 593 2142 649 inces-

208 682 362 746 serat,
398 695 514 735 non
559 683 871 737 interiora⁸
897 684 1072 737 modo
1115 683 1383 754 AEgypti,
1418 683 1524 737 sed
1571 684 1743 737 etiam
1775 683 2141 754 AEthiopiam

208 763 465 823 invisere⁴
497 787 507 822 ε
554 770 884 825 Memnonis
923 770 1274 841 Tithonique
1312 771 1599 825 celebrata
1642 772 1838 843 regia⁸
1875 787 2141 842 cognos-

204 854 373 910 eendae
422 859 733 913 vetustatis
790 859 1031 913 avidum
1084 859 1352 914 trahebat
1406 875 1572 930 paene
1629 865 1796 913 extra
1849 860 2141 914 terminos

205 941 383 997 solis⁰.
410 945 523 1000 Sed
562 948 878 1002 imminens
906 948 1148 1015 bellum,
1182 948 1357 1019 cujus
1395 949 1577 1003 multo
1613 948 1805 1019 major
1834 950 2141 1018 supererat

202 1029 385 1099 moles,
442 1034 645 1089 otiosae
698 1036 1172 1105 peregrinationi
1229 1041 1499 1105 tempora
1559 1038 1879 1090 exemerat.
1940 1036 2140 1107 Itaque

203 1114 431 1188 AEgypto
461 1122 716 1192 praefeeit
748 1122 1101 1193 AEschylum
1143 1123 1440 1178 Rhodium
1484 1127 1542 1178 et
1582 1124 1912 1177 Peucesten
1949 1123 2146 1177 Mace-

201 1203 400 1277 donem,
446 1216 699 1280 quatuor
742 1213 1006 1267 millibus
1055 1211 1303 1267 militum
1359 1215 1420 1267 in
1472 1213 1819 1283 praesidium
1867 1213 2141 1282 regionis

197 1292 309 1361 ejus
335 1297 482 1354 datis
518 1318 531 1353 ε
564 1300 823 1355 claustra
869 1301 990 1354 Nili
1040 1302 1305 1356 fluminis
1336 1302 1712 1356 Polemonem
1742 1301 1894 1354 tueri
1916 1301 2089 1371 jubet
2121 1315 2138 1353 ε

200 1397 304 1436 xxx
343 1386 410 1440 ad
453 1389 567 1443 hoc
612 1390 927 1444 triremes*
965 1390 1134 1444 datae.
1166 1390 1388 1467 ‘Africae
1429 1390 1662 1457 deinde,
1705 1404 1830 1459 quae
1873 1389 2140 1459 AEgypto

190 1468 369 1539 juncta
413 1482 503 1531 est
525 1478 564 1546 ⁷,
613 1479 978 1549 praepositus
1026 1479 1403 1549 ApolloninS,
1435 1478 1823 1549 vectigalibus
1874 1478 2140 1548 ejusdem

195 1557 381 1616 Africae
415 1564 791 1636 AEgyptique
824 1566 1230 1623 Cleomenes⁸.
1271 1564 1361 1619 Ex
1389 1566 1655 1620 finitimis
1699 1564 1952 1620 urbibus
1980 1580 2143 1619 com-

193 1646 429 1718 migrare
451 1653 876 1707 Alexandriam
909 1654 1109 1725 jussis
1123 1654 1162 1720 ⁹,
1205 1670 1424 1708 novam
1460 1654 1670 1708 urbem
1698 1669 1918 1725 magna
1944 1653 2146 1707 multi-

192 1737 371 1793 tudine
414 1742 703 1812 implevit.
737 1742 915 1797 Fama
960 1746 1072 1812 est,
1119 1759 1250 1797 curn
1297 1759 1402 1798 rex
1442 1743 1647 1799 orbem
1694 1742 1902 1797 futuris
1949 1742 2139 1796 muris

188 1827 416 1896 polenta,
451 1834 521 1884 nt
548 1831 935 1885 Macedonum
970 1847 1105 1886 mos
1130 1835 1242 1902 est,
1276 1832 1651 1900 destinasset,
1687 1833 1884 1885 avium
1915 1846 2139 1903 greges

191 1913 503 1991 mivolass‘se²
545 1923 603 1975 et
643 1920 882 1990 polenta
925 1935 1069 1975 esse
1107 1925 1311 1992 pastas
1348 1938 1359 1974 :
1393 1936 1640 1992 cumque
1682 1922 1741 1974 id
1785 1920 2002 1975 omen*
2027 1935 2138 1989 pro

188 2001 318 2059 tristi
337 2024 369 2062 a
395 2010 703 2080 plerisque
734 2012 894 2064 esset
915 2012 1238 2081 acceptum,
1259 2010 1643 2080 respondisse
1664 2017 1832 2063 vates
1862 2023 2138 2078 magnam

188 2089 333 2148 illam
355 2100 566 2154 urbem
594 2099 961 2154 advenarum
995 2100 1391 2169 frequentiam
1432 2097 1790 2168 culturam¹⁰‚
1821 2098 2138 2167 multisque

186 2192 301 2235 eam
330 2188 505 2241 terris
535 2186 811 2241 alimenta
832 2187 1232 2257 praebituram.

244 2270 481 2345 Regem,
528 2291 663 2330 cum
703 2276 1013 2331 secundo¹¹
1054 2277 1215 2330 amni
1260 2275 1565 2338 deflueret,
1615 2274 1854 2344 assequi
1891 2272 2140 2343 cupiens

222 2446 265 2489 3.
295 2448 520 2496 Interiora
538 2450 738 2507 AEaypti.
774 2449 975 2507 adjecti?
998 2455 1164 2495 neutte
1197 2461 1312 2494 avec
1342 2461 1408 2493 un
1441 2448 1613 2504 genitis
1633 2446 1823 2503 partitis.
1856 2447 1925 2491 Cf.
1964 2450 2038 2503 111,
2058 2459 2122 2493 vn
2156 2477 2172 2502 ,

185 2512 278 2551 note
303 2514 373 2555 11.

224 2574 265 2614 4.
298 2573 465 2628 Cupido
495 2575 743 2618 incesserat
772 2575 981 2618 invisere.
1007 2574 1194 2629 L'usage
1217 2575 1272 2616 de
1300 2575 1345 2616 la
1365 2584 1501 2628 prose
1530 2572 1756 2627 exig-erait
1774 2573 1818 2616 Ie
1848 2571 2060 2626 gerendis
2077 2583 2136 2614 en

178 2628 236 2676 di.
264 2637 319 2677 Le
341 2637 515 2693 simple
543 2637 733 2681 infinitis
753 2650 808 2680 ne
841 2649 893 2681 se
922 2643 1085 2680 trouve
1110 2639 1254 2691 guen-e
1291 2636 1510 2690 qn'apres
1528 2635 1610 2678 des
1632 2634 1908 2678 substantiis
1934 2634 2082 2689 joints
2109 2636 2137 2677 a

173 2696 235 2736 eet
251 2703 294 2738 et
320 2705 522 2753 prenant
550 2700 597 2742 la
617 2700 927 2754 signification
956 2698 1066 2742 d'un
1104 2698 1245 2741 verbe
1285 2699 1601 2754 impersonnel
1632 2697 1897 2751 exprimant
1935 2697 2136 2746 volente,

172 2758 303 2811 Ome,
345 2766 445 2806 etc.
496 2762 743 2806 Consilium
771 2766 856 2813 est,
887 2761 934 2803 in
962 2761 1111 2804 animo
1158 2764 1245 2816 est,
1282 2771 1375 2803 mos
1397 2763 1482 2804 est.
1518 2759 1647 2802 Nulla
1677 2759 1793 2801 ratio
1824 2762 1893 2802 est
1921 2759 2138 2812 ejusmodi

172 2823 424 2867 occasionem
452 2825 674 2868 amittere.
702 2826 736 2866 ll
773 2826 851 2877 n'y
888 2836 915 2866 a
940 2834 1021 2877 pas
1047 2823 1102 2866 de
1142 2823 1296 2865 raison
1335 2823 1394 2865 de
1424 2821 1591 2865 laisser
1619 2820 1855 2875 &chapper
1883 2833 1978 2865 une
2017 2834 2139 2864 sem·

174 2877 310 2927 blable
339 2888 558 2931 occasion
586 2887 728 2942 (Cic.,
749 2887 834 2930 Pro
865 2886 1005 2939 Caco„
1033 2885 1096 2939 5).
1122 2888 1242 2928 Avec
1261 2885 1495 2927 consilium
1525 2885 1649 2939 capio
1676 2897 1691 2927 .·
1722 2885 1968 2928 Consilium
1998 2895 2138 2939 cepe-

175 2951 269 2988 runt
286 2959 342 2991 ex
366 2951 526 3005 oppido
551 2950 782 3005 presumere
800 2949 963 3002 (CaeS.‚
984 2947 1110 2991 Becco
1142 2946 1285 2999 Gall„
1307 2951 1393 2998 vn,
1420 2948 1515 3001 26).

221 3013 265 3053 5.
297 3011 457 3066 Περέα.
483 3012 554 3056 Cf.
593 3015 723 3065 111,1,
754 3018 861 3055 noto
893 3016 964 3056 19.

218 3070 262 3116 6.
296 3074 526 3117 Terminos
551 3074 679 3128 solis,
704 3074 977 3117 c'est-a-dire
1000 3070 1095 3116 tres
1115 3073 1209 3115 loin
1232 3084 1290 3115 au
1321 3071 1446 3113 uidi.

219 3138 260 3178 7.
290 3136 464 3189 Africae
489 3148 585 3191 qux
610 3135 796 3191 AEyypto
817 3137 979 3190 juncta
1017 3139 1104 3188 est,
1134 3134 1249 3177 c'est
1278 3135 1326 3176 la
1357 3132 1584 3187 Libye.-
1610 3133 1768 3177 Juncta
1798 3143 1913 3187 pour
1941 3132 2139 3187 finitima

169 3200 234 3239 est
259 3198 500 3253 poetique.

211 3261 256 3303 8.
289 3260 559 3315 Cleomenes,
583 3259 827 3315 s'acquitta
845 3270 977 3303 assez
997 3260 1085 3302 mal
1106 3260 1162 3302 de
1182 3260 1226 3301 la
1245 3257 1437 3301 mission
1458 3268 1547 3313 que
1566 3259 1630 3302 lui
1652 3258 1836 3302 confiait
1858 3257 2135 3305 Alexandre;

168 3325 233 3363 ses
261 3322 510 3366 exactions
557 3323 846 3366 troublerent
890 3317 1125 3377 l'ssgypte3
1176 3322 1207 3363 il
1237 3331 1298 3363 ne
1336 3326 1468 3374 requt
1505 3333 1588 3363 son
1617 3322 1792 3375 pai-don
1838 3319 2134 3364 d'Alexandre

168 3383 259 3434 qu'a
276 3386 323 3427 la
348 3384 590 3428 condition
622 3386 680 3428 de
715 3384 974 3428 construire
1006 3396 1069 3426 un
1094 3383 1413 3427 monumenta
1447 3382 1747 3437 Hepliestion.
1786 3382 1928 3437 Apres
1952 3382 1997 3424 la
2022 3384 2138 3422 mort

166 3443 218 3486 du
239 3446 324 3497 roi,
348 3447 588 3491 ptolemeo
613 3449 658 3491 le
679 3446 729 3489 fit
750 3453 873 3491 tuer.
1365 3447 1370 3454 '

209 3506 250 3551 9.
283 3508 463 3554 Iussi-9.
488 3509 663 3565 Ellipse
685 3509 747 3553 du
768 3509 1030 3553 substantii*
1056 3509 1235 3552 incolis.

210 3574 277 3614 ¹0.
313 3573 576 3618 culturam.
606 3576 673 3618 Cs·
696 3573 839 3616 verbe
859 3584 886 3614 a
904 3584 1019 3627 pour
1048 3573 1170 3625 sujet
1195 3583 1393 3625 nmquam
1421 3571 1709 3627 frequentiam
1738 3569 2028 3613 advenarum.

214 3632 279 3676 11.
313 3633 536 3679 Secundo·
564 3636 635 3680 Cf.
670 3637 740 3689 lv,
770 3646 849 3687 vn,
880 3639 990 3677 note
1009 3635 1082 3680 13.

2196 1395 2232 1450 5

2194 1750 2230 1804 6

2190 2285 2225 2340 Ί
