2517 3975
340 775 407 832 81

335 1220 406 1276 82

334 1486 405 1542 33

467 204 573 262 822
1228 228 1284 275 Q.
1326 228 1495 267 cun-m
1533 227 1668 276 Ruri

466 332 746 401 precibus
773 336 946 402 meis,
967 339 1023 391 et
1042 336 1281 393 tandem
1303 336 1669 400 obstinatum
1697 335 2000 392 silentium
2019 335 2292 406 rumpite.
2310 332 2392 389 Ubi

469 422 562 476 est
596 420 698 476 ille
744 423 988 495 clamor,
1017 424 1344 480 alacritatis
1373 413 1591 480 vestrae.
1632 425 1811 480 index
1831 425 1859 479 ‘2
1888 422 1987 478 ubi
2024 423 2126 478 ille
2164 437 2392 478 meorum
2463 497 2464 500 Ἴ

468 507 855 566 Macedonum
882 512 1085 567 vultus
1102 516 1130 569 *Ρ
1157 511 1291 570 Non
1319 528 1583 584 agnosco
1614 528 1747 582 VOS,
1776 511 2020 577 militeS,
2050 528 2158 570 nec
2183 509 2394 582 agnosci

466 595 673 651 videor
726 611 761 656 a
801 598 995 655 vobis·
1041 599 1268 655 Surdas
1310 600 1658 671 jamdudum
1711 616 1887 654 aures
1936 599 2131 671 pulso,
2180 612 2392 654 aversos

467 685 700 746 animos
729 690 788 742 et
814 687 1096 745 infractos
1124 691 1384 746 excitare
1415 705 1624 746 conor.
1659 712 1680 738 »

535 772 799 846 Cumque
825 777 936 846 illi,
957 778 1255 836 interram
1276 777 1558 836 demissis
1587 777 1903 849 capitibus,
1922 779 2123 834 tacere
2147 792 2393 848 perseve-

465 866 695 922 tarenta
745 884 768 915 α
809 865 1030 922 Nescio
1060 866 1224 937 quid,
1267 866 1475 936 inquit,
1504 866 1567 924 in
1606 882 1716 919 vos
1743 853 2149 937 imprudens&
2185 864 2393 936 deliqui,

464 951 622 1021 quod
649 968 743 1010 me
768 969 843 1008 ne
870 952 1086 1010 intueri
1115 955 1352 1025 quidem
1380 954 1580 1012 vultis,
1616 955 1678 1008 In
1712 955 2031 1010 solitudine
2058 949 2202 1009 mihi
2222 955 2396 1009 videor

462 1055 627 1095 esse.
665 1041 856 1097 Nemo
885 1044 1222 1113 respondet,
1253 1059 1429 1098 nemo
1462 1044 1674 1099 saltem
1703 1046 1895 1115 negat.
1927 1041 2090 1108 Quos
2122 1039 2394 1115 alloquor?

461 1130 603 1200 quid
630 1132 825 1186 eutem
850 1131 1128 1200 postulo?
1153 1133 1428 1188 Vestram
1459 1133 1714 1204 gloriam
1741 1137 1797 1186 et
1819 1119 2283 1203 magnitudinem
2301 1134 2395 1185 vin-

460 1217 727 1274 dicamus
741 1219 809 1274 ³⁴.
846 1219 965 1278 Ubi
994 1224 1132 1278 sunt
1159 1221 1272 1291 illi,
1301 1237 1551 1292 quorum
1582 1223 1879 1276 certamen
1904 1220 2079 1291 paulo
2124 1224 2259 1276 ante
2300 1220 2393 1274 vidi

460 1307 941 1366 contendentium
979 1308 1080 1379 qui
1115 1308 1499 1379 potissimum
1526 1308 1817 1362 vulnerati
1854 1309 2021 1378 regis
2063 1324 2280 1378 corpus
2316 1324 2392 1362 ex·

460 1397 760 1467 ciperent‘?
777 1397 819 1425 ⁸⁸
849 1398 1138 1463 desertus,
1172 1398 1491 1454 destitutus
1520 1414 1672 1462 sum,
1712 1396 1983 1452 hostibus
2022 1397 2276 1451 deditus,
2305 1395 2392 1451 Sed

456 1486 626 1542 solus
664 1502 901 1558 queque
938 1487 1029 1544 ire
1074 1486 1496 1557 perseverabo·
1536 1486 1785 1557 Ohjicite
1830 1502 1922 1540 me
1962 1485 2322 1551 fluminibus,
2352 1489 2392 1539 et

454 1574 671 1643 beluis,
695 1577 754 1630 et
781 1576 904 1631 illis
926 1576 1232 1647 gentibus,
1253 1591 1500 1648 quarum
1522 1576 1766 1629 nomina
1792 1574 2076 1632 horretis·
2100 1574 2390 1640 Inveniam,

458 1663 561 1735 qui
588 1664 890 1720 desertum
909 1680 941 1718 a
960 1664 1132 1722 vobis
1161 1668 1487 1735 sequantur
1513 1682 1524 1717 z
1550 1662 1784 1734 Scythae
1804 1663 2223 1733 Bactrianique
2250 1665 2390 1718 erunt

456 1768 711 1821 mecum,
738 1752 941 1810 hostes
970 1753 1149 1824 paulo
1180 1755 1334 1825 ante,
1374 1768 1531 1810 nunc
1560 1753 1778 1808 milites
1807 1752 2021 1806 nostri.
2061 1752 2213 1806 Mori
2236 1766 2390 1822 prees-

456 1843 557 1912 tet,
600 1857 773 1912 quam
799 1841 1067 1911 precario
1097 1841 1517 1911 imperatorem
1545 1856 1700 1898 esse.
1749 1840 1835 1895 Ite
1880 1839 2138 1898 reduces
2181 1835 2385 1896 domosl

453 1930 557 2000 ite,
583 1929 816 1989 deserto
845 1945 1009 2004 rege,
1041 1930 1323 1989 ovantes!
1355 1928 1485 2002 Ego
1516 1928 1614 1987 hic
1645 1944 1678 1982 a
1705 1927 1881 1984 vobis
1930 1928 2259 2001 desperatae
2286 1923 2385 1981 vic·

455 2021 627 2077 torioe
650 2022 755 2077 aut
781 2019 1050 2077 honestae
1076 2021 1255 2077 morti
1284 2019 1480 2075 locum
1507 2019 1834 2075 inveniam.
1862 2040 1885 2067 ιο

1244 2291 1498 2348 CAPUT
1546 2292 1628 2346 III

790 2453 1044 2511 Discours
1074 2452 1141 2502 de
1173 2450 1369 2501 Genus,
1397 2477 1461 2487 —
1490 2451 1685 2499 Retour
1718 2449 2089 2503 d'Alexandre.

1070 2559 1132 2571 —
1158 2533 1201 2582 11
1228 2530 1455 2582 descend
1482 2526 1793 2594 l’Hydaspe.

1222 2677 1485 2731 (Automne,
1512 2674 1592 2719 326
1602 2674 1638 2729 .)

521 2842 613 2906 Ne
641 2846 729 2904 sic
759 2848 994 2920 quidem
1021 2848 1128 2903 ulli
1156 2847 1408 2902 militum
1434 2860 1550 2902 vox
1578 2844 1831 2915 exprimi
1857 2844 2068 2915 potuit.
2102 2843 2384 2917 Exspecta·

450 2939 622 2996 bant¹
648 2942 714 3007 ut
729 2940 912 2995 duces
939 2937 1352 3010 principesque
1373 2935 1445 2989 ad
1463 2948 1666 3006 regem
1690 2933 2045 3004 perferrent,
2069 2934 2382 2991 vulneribus

499 3119 568 3162 88.
592 3115 875 3171 Imprudens,
896 3126 1005 3161 sans
1031 3114 1079 3159 le
1106 3113 1305 3159 vouloir.

500 3179 570 3223 34.
604 3177 901 3223 vindicamus.
948 3177 1014 3222 Cr.
1062 3188 1144 3222 sur
1182 3179 1306 3223 cette
1349 3173 1581 3229 premiere
1632 3180 1864 3229 personne
1917 3170 1977 3218 du
2031 3170 2198 3230 piutiel
2233 3172 2304 3224 111,
2335 3180 2383 3220 τι,

448 3244 886 3354 augg-{imperm-
909 3302 982 3346 cf.
1016 3305 1104 3352 vll,
1128 3300 1170 3345 6.

501 3364 577 3404 111.
605 3381 659 3392 ·—-
680 3365 720 3403 ι.
740 3359 971 3413 Exspecto,
990 3374 1106 3406 avec
1131 3367 1194 3416 ut,
1211 3363 1331 3407 n’est
1355 3370 1439 3417 pas
1479 3361 1523 3405 la
1561 3360 1882 3405 construct10n
1901 3360 1948 3403 la
1976 3358 2084 3416 plus
2111 3358 2304 3406 usuene.
2328 3358 2384 3401 011

449 3422 496 3462 la
518 3425 683 3463 trouve
701 3419 810 3461 chez
828 3418 986 3467 Cesar.
1008 3423 1059 3466 In
1074 3423 1272 3478 reliquas
1295 3423 1550 3478 provincias
1572 3426 1784 3478 praetores
1802 3422 2055 3477 mittuntur,
2074 3430 2209 3479 neque
2226 3428 2384 3475 emec-

453 3483 567 3533 tant‚
590 3481 638 3520 ut
664 3478 718 3521 dc
744 3489 891 3522 eorum
918 3481 1104 3535 imperio
1122 3484 1178 3527 ad
1191 3486 1399 3538 populum
1426 3488 1617 3539 seratur,
1647 3496 1756 3528 sans
1794 3485 2008 3528 attendre
2027 3486 2165 3541 qu’on
2183 3480 2300 3529 fasse
2331 3486 2385 3523 un

451 3540 641 3594 rapport
666 3549 727 3580 au
743 3540 914 3592 pcuple
930 3552 1016 3584 sur
1031 3545 1135 3586 leur
1162 3547 1506 3599 magistratui-e·
1526 3548 1681 3605 (Gaas,
1700 3546 1801 3592 Bel.
1816 3546 1910 3591 Cio.
1935 3549 1968 3599 1,
1996 3549 2059 3601 vl,
2075 3546 2137 3603 6.)
