2517 3975
563 249 954 290 msromanuu
990 250 1340 301 Anaxaunm,
1383 255 1443 307 x,
1483 253 1584 291 v11.
1956 227 2062 288 375

61 359 371 428 riamque
398 357 560 429 regis
589 359 681 412 sui
714 360 940 414 tantum
958 360 1275 430 intuenteS,
1298 361 1369 415 ad
1393 363 1587 415 cetera
1606 359 1861 430 caligare
1880 370 1988 412 eos
2003 374 2058 425 n,

62 448 248 504 haud
278 446 559 517 ambigue
585 448 649 501 in
672 447 959 519 juvenem
978 450 998 476 '⁵
1015 449 1057 516 ¹¹,
1078 449 1173 503 cui
1201 464 1457 519 regnum
1482 448 1946 517 destinabantur,
1974 447 2063 499 in-

60 536 357 594 tendens
401 535 624 605 probra
642 537 681 594 ⁸.
713 537 858 601 Quae
891 537 1207 608 objecerat,
1237 538 1431 610 magis
1477 538 1595 608 ipsi
1635 538 1853 605 odium,
1887 550 2063 607 quam

61 624 413 682 Arrhidaeo
442 626 1223 696 contemptum-attulerunt:
1255 628 1495 698 quippe,
1518 627 1654 682 dum
1684 626 2059 692 miserentur,

62 718 271 772 etiam
305 711 509 769 favere
545 718 870 784 coeperunt.
912 716 1102 787 Igitur
1146 732 1265 771 non
1304 716 1484 772 alium
1528 728 1732 786 regem
1781 731 1848 769 sa
1886 729 2062 787 quam

60 820 247 874 eum,
283 803 392 873 qui
420 803 493 857 ad
529 803 681 859 hanc
718 819 887 873 spem
936 807 1178 875 genitus
1218 808 1398 876 esset,
1445 819 1730 876 passuros
1777 804 2063 875 pertinaci

61 893 517 951 acclamatione
547 891 867 964 declarant,
893 895 1203 965 vocarique
1220 895 1588 950 Arrhidaeum
1620 894 1847 968 jubent.
1879 890 2064 958 Quem

61 985 425 1053 Meleager,
442 977 700 1038 infestus
730 983 1083 1055 invisusque
1111 985 1430 1053 Perdiccae,
1455 988 1696 1040 strenue
1716 982 1982 1055 perducit
1998 981 2063 1038 in

62 1093 137 1132 re
145 1074 329 1145 giam
346 1086 362 1142 3
394 1074 451 1125 et
470 1071 686 1126 milites
711 1072 1050 1145 Philippum
1071 1073 1502 1130 consalutatum
1522 1090 1728 1147 regem
1747 1074 2060 1145 appellant.

143 1162 449 1218 Ceterum
488 1159 615 1215 haec
645 1162 814 1233 vulgi
858 1165 987 1218 erat
1021 1178 1161 1230 vox,
1205 1163 1543 1233 principum
1591 1163 1706 1216 alia
1753 1161 2062 1218 sententia.

66 1255 120 1309 Ε
170 1249 411 1323 quibus
441 1248 653 1305 Pithon
700 1250 1015 1306 consilium
1042 1250 1342 1305 Perdiccae
1380 1252 1630 1322 exsequi
1676 1252 1868 1322 coepit,
1916 1252 2066 1305 tuto-

66 1354 326 1412 resque
357 1338 611 1393 destinat
647 1338 764 1395 filie
797 1356 872 1395 ex
900 1339 1149 1395 Roxane
1172 1339 1373 1395 futuro
1399 1339 1741 1397 Perdiccam
1786 1344 1843 1395 et
1879 1341 2068 1395 Leon-

64 1436 330 1494 natum,
366 1429 552 1498 stirpe
583 1427 749 1501 regia
778 1429 1037 1500 genitos
1077 1429 1306 1501 Adjecit
1326 1428 1469 1483 utin
1489 1427 1729 1499 Europa
1746 1427 2029 1484 Craterus
2047 1429 2071 1457 ⁷
2119 1429 2155 1483 9

67 1524 132 1576 et
176 1516 548 1585 Antipater⁸
574 1533 674 1571 res
704 1518 1205 1573 administrarent.
1245 1518 1393 1572 Tum
1427 1516 1850 1589 jusjurandum
1878 1532 1913 1569 a
1949 1517 2069 1571 sin-

62 1608 265 1683 gulis
296 1608 580 1675 exactum,
610 1605 845 1661 futuros
861 1606 881 1634 ⁹
908 1608 972 1661 in
992 1608 1338 1677 potestatem
1355 1607 1397 1638 ¹⁰
1415 1608 1580 1678 regis
1602 1606 1785 1679 geniti
1811 1606 2066 1660 Alexan-

62 1698 224 1754 dro,
272 1693 577 1766 Meleager
600 1723 673 1736 -
697 1694 855 1750 haud
883 1696 1102 1767 injuria
1132 1698 1290 1751 metu
1327 1694 1605 1766 supplicii
1647 1694 1892 1749 territus
1934 1708 2068 1749 cum

67 1787 224 1843 suis
261 1787 600 1838 secesserat
625 1813 698 1825 --
734 1800 966 1853 rursus,
1008 1783 1347 1855 Philippum
1376 1784 1618 1839 trahens
1649 1799 1874 1853 secum,
1914 1782 2069 1837 irru-

63 1878 167 1949 pit
193 1873 439 1945 regiam
476 1873 806 1941 clamitans,
854 1894 878 1923 α
922 1869 1240 1947 suffragari
1281 1874 1412 1944 spei
1455 1873 1732 1944 publicae,
1783 1872 1852 1927 de
1911 1885 2076 1926 novo·

64 1979 243 2038 rege
292 1962 471 2032 paulo
520 1966 655 2018 ante
704 1965 1030 2034 conceptae,
1078 1963 1264 2019 robur
1286 1963 1325 1992 ¹¹
1374 1964 1613 2018 aetatis:
1656 1961 2070 2033 experirentur

63 2054 274 2112 modo
303 2052 554 2122 stirpem
583 2041 863 2123 Philippi,
895 2057 950 2108 et
976 2054 1163 2108 filium
1192 2070 1259 2108 ac
1288 2053 1531 2108 fratrem
1553 2068 1761 2125 regum
1778 2053 2066 2107 duorum:

67 2143 342 2202 sibimet
369 2141 521 2212 ipsis
548 2142 928 2212 potissimum
974 2144 1286 2198 crederent
1337 2164 1385 2197 n.
1417 2142 1661 2196 N'ullum
1709 2138 2069 2212 profundum

67 2245 288 2298 mare,
343 2230 567 2283 nullum
616 2233 850 2284 vastum
896 2230 1110 2285 fretum
1160 2233 1216 2284 et
1263 2229 1663 2300 procellosum
1708 2232 1910 2283 tantos
1957 2228 2071 2282 ciet

68 2323 343 2386 ssuctuS,
374 2322 629 2390 quantos
658 2319 968 2374 multitudo
997 2322 1193 2375 motus
1237 2320 1434 2386 habet,
1465 2319 1670 2391 utique
1717 2320 1772 2374 si
1813 2334 1969 2374 nova
2014 2320 2069 2372 et

65 2409 274 2467 brevi
293 2407 337 2439 ¹⁸
366 2407 648 2463 duratura
687 2408 960 2464 libertate
998 2407 1276 2463 luxuriat.
1320 2409 1502 2464 Pauci
1548 2394 1844 2463 Perdiccae
1891 2407 2067 2463 modo

65 2500 310 2567 electe,
334 2496 540 2567 plures
565 2497 869 2567 philippe,
894 2513 1069 2570 quem
1091 2499 1463 2567 spreverant,
1490 2495 1807 2581 imperium
1826 2496 2067 2551 dabant.

128 2664 187 2708 8.
229 2657 446 2704 Juvenem
462 2656 739 2711 represente
764 2655 1009 2701 Arrhldee.

128 2724 189 2770 6.
226 2719 401 2766 Probra
423 2719 655 2765 intendens
682 2721 730 2763 in
760 2731 858 2764 eum
886 2730 917 2762 n
919 2719 1005 2762 ’est
1030 2731 1113 2774 pas
1139 2731 1232 2764 una
1250 2720 1453 2775 locution
1475 2719 1728 2776 classique.

131 2793 189 2831 1.
231 2774 417 2827 Cratera
446 2783 533 2839 fut,
552 2783 689 2837 apres
718 2783 764 2826 la
784 2787 904 2825 mort
922 2782 1240 2837 d'Alexandre,
1267 2782 1441 2838 charge
1467 2794 1584 2827 avec
1612 2784 1850 2837 Antipater
1869 2783 1931 2828 du
1959 2794 2072 2838 gou-

59 2850 375 2893 vernement
398 2846 455 2889 de
474 2846 520 2888 la
534 2844 796 2889 lacedoine
825 2848 871 2888 et
898 2844 954 2888 de
984 2845 1031 2888 la
1050 2844 1278 2890 Grece.11
1306 2844 1431 2900 perit
1458 2845 1574 2890 dans
1592 2855 1686 2889 une
1706 2845 1891 2890 bataille
1911 2850 2072 2897 contre

61 2908 322 2962 Eumene,
353 2918 414 2951 en
442 2908 547 2952 321.

131 2973 187 3017 8.
227 2969 488 3027 Antipater,
512 2970 698 3027 charge,
719 2981 833 3014 avec
856 2968 1057 3026 Cratere,
1078 2972 1161 3014 des
1191 2969 1382 3014 affaires
1412 2968 1469 3012 de
1498 2969 1545 3012 la
1570 2969 1834 3015 macedoine
1864 2975 1911 3016 et
1938 2972 1995 3015 de
2023 2972 2072 3027 la

63 3035 262 3083 Grece,
287 3037 369 3076 eut
407 3031 434 3075 ὲ.
461 3032 687 3087 reprimet
727 3033 794 3076 les
832 3032 948 3076 cites
978 3032 1271 3086 helleniques
1301 3029 1543 3076 soulevees
1568 3032 1596 3074 a
1624 3030 1669 3075 la
1698 3035 1913 3079 nouvelle
1941 3034 1999 3078 de
2028 3035 2074 3079 la

64 3100 217 3143 mort
247 3095 570 3139 d'Alexandre.
595 3097 631 3138 11
659 3095 733 3138 fut
751 3097 881 3139 hattu
902 3100 1003 3139 tout
1020 3095 1204 3139 d'abord
1224 3099 1273 3140 et
1292 3092 1478 3149 assiege
1508 3094 1625 3137 dans
1653 3096 1825 3141 Lamia.
1847 3100 1953 3146 nais
1972 3097 2074 3151 vio-

66 3159 295 3206 torieux
324 3157 504 3200 ensuite
528 3158 555 3200 a
582 3155 762 3201 &anon
788 3156 916 3211 (322),
945 3157 979 3199 il
1018 3157 1158 3201 remit
1194 3158 1236 3199 la
1272 3158 1418 3200 Grece
1442 3168 1552 3200 sous
1582 3157 1626 3200 le
1647 3157 1777 3212 J‘oug.
1802 3161 1924 3204 Uest
1949 3161 2075 3205 alors

66 3232 190 3281 que
219 3219 432 3274 perirent
459 3219 694 3273 Hyperide
714 3223 760 3262 et
778 3217 1102 3273 Demosthene,
1130 3223 1178 3262 et
1213 3217 1493 3274 qu’Athenes
1513 3219 1579 3262 vit
1595 3231 1836 3265 renverser
1857 3234 1940 3266 son
1954 3234 2070 3277 gou-

67 3286 380 3330 vernement
408 3281 772 3336 democratique.
799 3283 1035 3336 Antipater
1054 3288 1239 3326 mourut
1269 3293 1329 3326 en
1356 3282 1458 3326 319.
1493 3283 1585 3325 Son
1612 3281 1690 3327 fils
1713 3286 1968 3330 Cassandra
1987 3283 2071 3330 he·

71 3350 192 3393 rita
220 3345 281 3389 de
313 3356 366 3388 sa
395 3346 664 3398 puissance.

140 3409 201 3453 9.
240 3405 448 3449 Futuro-9.
479 3404 653 3461 Ellipse
680 3405 743 3461 du
772 3407 896 3465 sujet
921 3417 1013 3460 eoa.

141 3472 231 3516 10.
265 3468 455 3512 Futurae
482 3467 531 3511 in
554 3471 845 3522 potestatem.
878 3469 950 3515 Cf.
984 3472 1165 3525 v111,11‚
1194 3472 1306 3521 note
1323 3468 1392 3527 22.

144 3537 233 3578 11.
267 3529 433 3587 Robur,
457 3530 583 3584 sujet
606 3531 664 3575 de
692 3531 739 3575 la
764 3531 1048 3585 proposition
1075 3530 1324 3582 infinitivo.

148 3598 235 3651 12.
270 3592 422 3651 Brevi,
450 3591 684 3655 poetique,
714 3605 832 3649 pour
854 3605 938 3650 per
965 3594 1092 3640 breve
1116 3598 1307 3659 tempus.

2122 1696 2192 1752 10

2124 2142 2186 2197 11

2125 2412 2193 2469 12
