2517 3975
603 266 993 305 msa-ommni«
1031 267 1365 305 mximum
1403 267 1528 317 vm,
1568 268 1624 303 v.
1988 245 2095 303 277

175 372 346 424 terum
374 373 557 427 autem
595 374 667 428 ad
710 374 1159 445 persequendos
1202 374 1551 429 Haustanen
1591 373 1648 428 et
1683 372 1961 439 Catenen,
1994 372 2095 442 qui

171 458 234 513 ab
272 459 399 529 ipso
442 460 781 532 defecerant,
826 463 1029 517 misit:
1077 478 1329 533 quorum
1376 462 1717 515 Haustanes
1746 468 1948 530 captus
1979 462 2092 526 est,

169 546 395 603 Catones
422 549 482 603 in
509 551 717 620 proelio
764 551 1021 606 occisus.
1072 550 1441 623 Polypercon
1490 565 1725 622 quoque
1763 550 2092 619 regionem,

170 650 284 705 quae
326 638 648 694 Bubacene¹
695 638 1053 710 appellatur,
1100 641 1163 694 in
1206 632 1496 694 dicionem
1549 639 1807 710 redegit.
1860 639 2093 709 Itaque,

170 727 419 781 omnibus
445 729 807 799 compositiS,
840 729 1236 801 cogitationes
1267 729 1330 782 in
1351 728 1571 782 bellum
1600 727 1865 782 Indicum
1894 728 2090 782 vertit.

228 814 394 870 Dives
412 818 578 887 regio
598 817 924 872 habebatur
942 834 1062 873 non
1083 834 1230 872 auro
1252 818 1449 885 mode,
1467 817 1571 872 sed
1594 816 1845 888 gemmis
1864 821 2116 887 quoque‘

167 905 611 976 margaritisque,
651 906 725 961 ad
770 906 1004 960 luxum*
1048 907 1244 977 magis
1283 922 1459 978 quam
1497 906 1568 959 ad
1598 903 2095 977 magnificentiam

167 993 384 1049 exculta.
412 994 593 1049 Periti
604 995 645 1063 ¹,
675 994 994 1050 militares⁴
1022 1010 1166 1049 auro
1205 996 1264 1050 et
1292 994 1473 1050 ebore
1499 992 1755 1065 fulgere,
1785 992 2089 1048 dicebant:

167 1078 353 1149 itaque,
396 1081 612 1138 necubi
655 1083 1009 1151 vinceretur,
1048 1098 1181 1137 cum
1235 1082 1452 1137 ceteris
1493 1084 1824 1152 praestaret,
1866 1080 2054 1136 scutis
2072 1079 2093 1101 *

165 1172 448 1238 argenteas
502 1171 765 1243 lamnaS,
815 1171 987 1242 equis
1035 1170 1234 1226 frenos
1292 1185 1508 1225 aureos
1556 1169 1798 1239 addidit,
1839 1168 2094 1225 loricas*

164 1271 371 1330 quoque
398 1260 544 1316 alias
587 1275 756 1327 auro,
793 1260 943 1315 alias
990 1263 1236 1333 argento
1269 1259 1599 1315 adornavit.
1639 1276 1756 1315 cxx
1781 1259 1967 1314 millia
1996 1274 2093 1313 ar-

163 1349 423 1402 matorum
472 1351 670 1416 erant,
721 1364 854 1421 quae
909 1364 1114 1421 regem
1158 1348 1232 1402 ad
1286 1348 1348 1402 id
1392 1348 1617 1403 bellum
1658 1346 2084 1418 sequebantur.

218 1435 449 1508 Jamque
502 1438 785 1494 omnibus
837 1440 1217 1509 praeparatis,
1256 1437 1417 1508 quod
1475 1437 1616 1492 olim
1662 1452 1848 1508 prava
1902 1439 2094 1492 mente

162 1529 501 1596 conceperat,
545 1529 687 1582 tunc
732 1541 867 1582 esse
912 1529 1206 1581 maturum
1247 1528 1435 1593 ratuS,
1468 1541 1724 1597 quonam
1760 1523 1935 1580 modo
1972 1540 2093 1581 cae-

159 1609 318 1669 lestes
354 1615 620 1673 honores
653 1622 987 1687 usurparet,
1019 1614 1195 1685 coepit
1235 1616 1483 1686 agitare.
1515 1613 1724 1670 Jovis*
1752 1612 1937 1669 fllium
1972 1629 2094 1669 non

159 1690 259 1755 dici
281 1705 500 1759 tantum
531 1719 619 1771 se,
652 1704 753 1759 sed
779 1703 957 1759 etiam
993 1702 1157 1759 credi
1189 1703 1444 1768 volebat,
1484 1706 1778 1772 tamqnam
1810 1701 2093 1772 perinde⁸

159 1790 350 1848 animis
393 1794 690 1865 imperare
731 1799 936 1864 posset
977 1807 1045 1846 ac
1084 1792 1309 1863 linguis
1345 1808 1358 1846 :
1394 1790 1688 1862 jussitque
1732 1806 1890 1846 more
1942 1790 2089 1845 Per-

70 1907 71 1910 =
159 1891 336 1935 sarum
376 1881 736 1937 Macedonas
771 1879 1230 1935 venerabundos
1267 1880 1464 1950 ipsum
1503 1880 1781 1947 salutare,
1821 1881 2088 1951 proster-

156 1971 343 2025 nentes
376 1970 546 2027 humi
583 1986 855 2043 corpora.
886 1968 1022 2025 Non
1061 1969 1260 2025 deerat
1297 1968 1435 2024 talia
1476 1968 1908 2040 concupiscenti
1947 1983 2088 2040 per-

157 2055 355 2114 niciosa
392 2060 676 2127 adulatio,
715 2061 1067 2129 perpetuum
1117 2058 1335 2113 malum
1379 2073 1612 2129 regum,
1650 2073 1899 2128 quorum
1943 2072 2090 2129 opes

156 2147 353 2216 saepius
402 2148 729 2204 assentatio
786 2162 962 2218 quam
1008 2145 1203 2202 hostis
1255 2146 1489 2201 evertit.
1535 2146 1661 2202 Nec
1709 2146 2090 2202 Macedonum

154 2230 263 2290 haec
298 2241 422 2294 erat
458 2237 631 2309 culpa
656 2266 727 2281 —-
754 2250 928 2293 nemo
966 2236 1125 2292 enim
1162 2235 1402 2290 illorum
1440 2236 1749 2307 quicquam
1793 2251 1869 2291 ex
1897 2236 2088 2307 patrio

156 2335 301 2380 more
328 2328 534 2383 labare
565 2324 881 2381 sustinuit⁸
907 2355 977 2367 —
1007 2324 1114 2380 sed
1136 2323 1500 2395 Graecorum,
1530 2327 1632 2397 qui
1656 2324 2088 2395 professionem

152 2407 519 2471 honestarum
548 2416 764 2470 artium
783 2414 803 2442 '¹
829 2413 1005 2469 malis
1031 2416 1420 2484 corruperant
1446 2413 1733 2471 moribus.

208 2500 345 2574 Agis
372 2504 394 2532 ⁸
440 2503 683 2576 quidam
734 2503 998 2575 Argivus
1026 2502 1066 2570 ⁹,
1122 2502 1519 2572 pessimorum
1572 2502 1898 2558 carminum
1949 2504 2089 2574 post

72 2638 73 2643 ,
149 2585 449 2649 Choerilum
468 2594 510 2623 ¹⁰
538 2592 807 2650 conditor
825 2593 886 2661 ¹¹,
919 2595 977 2647 et
1023 2608 1097 2648 ex
1141 2591 1346 2647 Sicilia
1386 2592 1527 2648 Cleo
1546 2592 1588 2621 ¹²
1613 2622 1686 2633 —
1719 2591 1816 2648 hic
1851 2592 2086 2665 quidem

190 2735 240 2778 V.
264 2758 313 2767 —
339 2739 383 2781 1.
417 2728 660 2790 Bubacene,
687 2734 872 2780 district
899 2734 956 2779 de
982 2736 1029 2777 la
1055 2733 1304 2789 Sogdiano,
1322 2733 1442 2780 dont
1467 2744 1528 2778 on
1553 2734 1628 2778 n'a
1658 2745 1724 2791 pu
1741 2732 2024 2780 determinet
2040 2736 2086 2779 la

147 2796 347 2854 position,
375 2811 486 2844 sans
514 2799 655 2843 doute
685 2809 745 2843 au
772 2799 893 2841 N.-E.
913 2797 972 2841 de
991 2795 1289 2841 Samarkand.

186 2862 225 2901 2.
251 2860 416 2905 Luscum
443 2872 624 2905 comme
644 2860 881 2910 luxuriam,
901 2862 953 2915 v,
981 2869 1013 2912 1,
1036 2858 1108 2913 23,
1135 2858 1245 2902 luxe
1274 2869 1381 2903 sans
1400 2858 1532 2914 gout.

188 2919 231 2966 3.
260 2922 417 2980 Periti,
444 2934 564 2969 ceux
591 2924 670 2978 qui
696 2921 996 2966 connaissent
1014 2921 1058 2965 le
1077 2931 1210 2975 pays.

187 2986 229 3026 4.
259 2984 478 3031 Militares
505 2997 622 3041 pour
654 2984 825 3030 milites
852 2984 973 3028 n’est
990 2993 1073 3039 pas
1102 2982 1161 3027 de
1187 2982 1401 3040 l'epoque
1429 2983 1681 3041 classique.

187 3042 226 3088 5.
251 3045 440 3092 Perinde
470 3059 541 3106 ac,
574 3057 774 3092 comme.

188 3108 231 3151 6.
262 3108 500 3163 Sustinuit,
519 3121 633 3155 avec
653 3107 902 3154 rinflnitir.
935 3107 1004 3152 Cf.
1026 3109 1097 3162 1v,
1125 3118 1189 3161 iv,
1217 3112 1328 3152 note
1345 3108 1420 3152 11.

187 3168 225 3211 7.
252 3173 309 3215 Le
337 3177 432 3218 mot
458 3173 547 3217 Are
575 3172 760 3227 signifie
799 3182 892 3217 une
927 3168 1277 3214 manifestation
1305 3171 1597 3226 quelconque
1627 3171 1686 3218 do
1720 3170 1943 3220 l’activite
1954 3186 1968 3226 3
1998 3184 2085 3218 sen

143 3233 358 3278 contraire
380 3239 454 3279 est
480 3236 620 3285 inere,
647 3234 836 3279 inertia.

185 3295 229 3337 8.
259 3295 385 3351 Auis,
405 3298 543 3352 poete
562 3309 655 3353 peu
678 3307 861 3352 connu3
896 3298 929 3341 il
965 3308 1085 3343 nous
1113 3295 1334 3341 resterait
1366 3297 1425 3344 de
1458 3295 1529 3343 lui
1548 3309 1642 3344 une
1665 3297 1950 3355 epigramma
1967 3296 2081 3344 dans

142 3352 413 3414 linholom'e
439 3371 641 3416 arecque,
667 3363 740 3412 vl,
769 3359 866 3404 152.

184 3419 222 3462 9.
250 3421 450 3475 Ανοὶυω,
475 3423 679 3477 d'Argos,
698 3421 814 3466 dans
833 3423 878 3466 le
896 3422 1231 3479 Peloponneso.

187 3482 253 3525 10.
286 3482 537 3528 clm-itum.
569 3483 750 3528 Cherile
778 3482 966 3539 d’lasos,
995 3483 1212 3529 mechant
1239 3484 1376 3540 poete
1390 3485 1578 3541 epique.

185 3543 252 3587 11.
287 3544 512 3600 Conditor,
532 3554 648 3601 pour
667 3546 878 3600 scriptor,
893 3547 1010 3590 n'est
1028 3558 1112 3601 pas
1139 3547 1198 3590 de
1223 3546 1438 3603 l’epoque
1463 3549 1716 3602 classique.

186 3604 254 3647 12.
287 3606 412 3652 Cleo.
438 3611 499 3652 Ce
518 3607 708 3653 Sicilien
726 3607 848 3652 n’est
866 3618 946 3662 pas
960 3619 1127 3653 connu.

1833 3695 1894 3746 16

2150 634 2186 690 3

2146 1787 2182 1842 6
