2517 3975
317 1587 384 1643 10

265 1854 378 1934 11

320 2034 391 2089 12

326 2393 398 2449 13

431 214 535 268 384
1190 231 1243 274 Q.
1285 230 1456 268 cuam
1496 232 1628 268 num

430 336 793 407 provincias,
826 336 929 391 sed
960 336 1174 391 famam
1203 337 1339 408 ejus
1384 338 1493 406 rei,
1538 352 1883 407 quamquam
1930 337 2006 391 ab
2056 337 2366 391 auctoribus

431 426 642 480 tradita
698 428 810 491 est,
862 442 1077 480 vanam
1130 426 1320 481 fuisse
1370 428 1787 496 comperimus.
1829 427 1902 482 Et
1956 425 2193 496 quidem
2242 440 2367 480 suas

432 515 679 585 quisque
709 530 878 586 opeS‚
910 515 1128 569 divisis
1156 515 1392 585 imperii
1418 516 1709 585 partibus,
1738 514 2063 586 prudenter
2092 515 2207 584 ipsi
2251 514 2368 568 fun-

433 601 715 655 daverant
732 602 794 669 ¹⁸,
818 603 872 656 si
893 618 1171 671 umquam
1200 603 1491 657 adversus
1518 603 1861 657 immodicas
1889 602 2238 672 cupiditates
2263 605 2370 655 ter-

433 695 631 745 minus
663 693 884 745 staret:
918 692 1153 763 quippe,
1184 692 1359 760 paulo
1390 695 1525 745 ante
1552 691 1716 762 regis
1744 691 2022 758 ministri,
2056 691 2250 759 specie
2276 691 2374 744 im-

432 779 583 848 perii
611 779 787 833 alieni
817 779 1175 845 procurandi
1194 779 1254 849 ¹⁶,
1289 778 1511 849 singuli
1541 780 1807 850 ingentia
1827 780 2168 833 invaserant
2186 794 2376 849 regna,

435 868 684 922 sublatis
715 869 1100 922 certaminum
1131 868 1354 938 causis,
1383 884 1514 921 cum
1556 871 1612 922 et
1643 884 1853 922 omnes
1893 867 2164 938 ejusdem
2201 867 2378 937 gentis

435 962 659 1030 essent,
703 962 759 1010 et
788 973 821 1009 a
851 959 1067 1010 ceteris
1098 961 1191 1010 sui
1222 958 1474 1027 quisque
1504 957 1737 1027 imperii
1776 957 2023 1028 regione
2041 956 2082 983 ¹²
2131 956 2377 1010 discreti.
2460 989 2461 994 κ

436 1046 551 1101 Sed
580 1045 809 1099 difficile
842 1050 969 1099 erat
998 1063 1063 1100 co
1094 1049 1403 1101 contentos
1435 1062 1576 1101 esse
1595 1046 1654 1112 ¹⁸,
1691 1045 1847 1115 quod
1891 1046 2185 1099 obtulerat
2226 1061 2382 1099 occa·
2460 1031 2461 1034 ¹

436 1136 527 1189 sio
551 1149 564 1187 :
599 1136 814 1205 quippe
846 1135 1137 1189 sordent¹⁹
1157 1135 1345 1205 prima
1366 1150 1631 1205 quaeque,
1657 1150 1787 1188 cum
1809 1134 2036 1204 majora
2058 1136 2379 1205 sperantur.
2460 1169 2461 1176 κ

437 1224 636 1293 Itaque
666 1224 944 1277 omnibus
982 1225 1314 1293 exoptatius
1360 1224 1671 1278 videbatur
1712 1238 1927 1295 augere
1975 1239 2183 1293 regna,
2227 1238 2381 1293 quam

434 1311 655 1366 fuisset
693 1312 980 1380 accipere.

506 1398 806 1468 Septimus
835 1400 964 1453 dies
997 1403 1141 1469 erat,
1164 1415 1238 1453 ex
1257 1416 1372 1469 quo
1393 1385 1614 1469 corpus
1635 1399 1804 1467 regis
1824 1398 2062 1469 jacebat
2091 1398 2154 1451 in
2174 1398 2379 1465 soli0²⁰,
2460 1431 2461 1440 κ

438 1489 599 1544 curis
628 1490 888 1543 omnium
909 1490 979 1542 ad
1010 1488 1380 1543 formandum
1410 1488 1712 1558 publicum
1733 1490 1949 1542 statum
1978 1503 2012 1540 a
2034 1490 2155 1541 tam
2173 1488 2382 1542 sollem-

440 1577 503 1632 ni
531 1593 775 1631 munere
814 1577 1062 1631 aversiS.
1087 1576 1160 1631 Et
1190 1593 1309 1631 non
1340 1577 1454 1630 alia
1484 1593 1660 1649 quam
1689 1576 2137 1647 Mesopotamiae
2158 1578 2384 1646 regione

440 1664 731 1720 fervidior
761 1669 945 1722 aestus
978 1665 1233 1732 exsistit,
1268 1666 1414 1720 adeo
1445 1668 1510 1719 ut
1531 1667 1815 1737 pleraque
1845 1665 2147 1732 animalia,
2182 1682 2311 1735 quae
2333 1665 2380 1717 in

443 1755 600 1809 nudo
632 1754 759 1807 solo
789 1753 1195 1823 deprehendit,
1220 1755 1588 1825 exstinguat:
1613 1757 1811 1808 tantus
1841 1757 1931 1808 est
1951 1769 2143 1823 vapor
2172 1754 2319 1809 solis
2342 1753 2387 1805 et

444 1842 591 1909 caeli,
623 1859 738 1913 quo
769 1846 977 1896 cuncta
1006 1844 1169 1896 velut
1201 1843 1341 1914 igne
1390 1846 1714 1899 torrentur.
1750 1843 1973 1898 Fontes
2020 1859 2311 1913 aquarum
2348 1843 2389 1894 et

444 1934 565 1988 rari
595 1934 735 1987 sunt
761 1933 819 1986 et
845 1932 1230 1989 incolentium
1257 1931 1464 1989 fraude
1490 1933 1795 1997 celantur3
1830 1931 1983 2003 ipsis
2035 1948 2194 1988 usus
2238 1932 2387 2004 patet,

446 2024 686 2096 ignotus
707 2025 797 2076 est
825 2022 1092 2076 adveniS.
1115 2022 1417 2077 Traditum
1437 2024 1635 2094 magis
1659 2037 1831 2092 quam
1860 2022 2157 2077 creditum
2188 2022 2390 2076 refero:

447 2117 511 2167 ut
538 2111 773 2165 tandem
812 2127 1019 2165 curare
1058 2127 1278 2181 corpus
1326 2111 1666 2177 exanimum
1709 2110 1920 2164 amicis
1956 2113 2217 2170 vacavit.
2258 2107 2394 2162 nulla

447 2201 604 2268 tabe,
631 2215 706 2254 ne
734 2199 977 2253 minimo
1009 2198 1244 2270 quidem
1274 2199 1465 2254 livore
1511 2203 1853 2268 corruptum
1893 2198 2122 2268 videre,
2165 2198 2268 2267 qui
2311 2197 2389 2249 in-

449 2290 769 2344 traverant.
802 2288 986 2360 Vigor
1016 2303 1269 2359 quoque,
1311 2289 1414 2360 qui
1453 2291 1683 2342 constat
1713 2304 1788 2342 ex
1817 2287 2057 2357 spiritu,
2090 2303 2213 2340 non
2242 2282 2395 2338 desti·
2460 2278 2461 2307 ³

449 2382 641 2434 tuerat
664 2378 909 2434 vultum.
941 2378 1142 2447 Itaque
1170 2377 1443 2450 AEgyptii
1465 2378 1502 2404 ²¹
1548 2375 1937 2447 Chaldaeique,
1981 2375 2150 2446 jussi
2197 2385 2394 2441 corpus

452 2484 561 2525 suo
602 2484 763 2524 more
802 2483 1011 2522 curare
1026 2466 1087 2534 ²²,
1132 2466 1323 2537 primo
1371 2481 1490 2521 non
1535 2472 1674 2520 sunt
1718 2465 1849 2519 ausi
1898 2465 2220 2519 admovere
2255 2459 2396 2514 velut
2460 2474 2461 2513 3

453 2558 704 2629 spiranti
741 2572 976 2612 manue.
1017 2555 1265 2622 Deinde,
1295 2556 1517 2625 precati
1547 2558 1613 2610 ut
1634 2554 1740 2626 jus
1768 2552 1977 2623 fasque
2013 2554 2173 2608 esset
2202 2550 2399 2606 morta-

450 2648 610 2703 libus
657 2650 963 2703 attrectare
1004 2646 1196 2710 deum,
1242 2660 1581 2716 purgavere
1607 2644 1648 2672 ²⁸
1698 2658 1955 2713 corpus:
2007 2643 2398 2714 repletumque

454 2741 546 2794 est
577 2736 859 2793 odoribus
888 2751 1131 2791 aureum
1162 2734 1379 2791 solium
1406 2737 1463 2788 et
1490 2733 1670 2803 capiti
1697 2732 1928 2804 adjecta
1973 2731 2233 2786 fortunae
2278 2726 2397 2797 ejus
2460 2756 2461 2797 }

453 2828 739 2900 insignia.

510 3077 581 3117 15.
616 3070 940 3114 Fundaverant.
965 3068 1034 3114 cf.
1070 3078 1154 3112 sur
1183 3079 1237 3112 ce
1261 3065 1671 3122 pluseque-parfait
1689 3063 1746 3108 de
1764 3063 2031 3117 l’indicatif,
2060 3066 2135 3119 111,
2158 3073 2224 3115 iv,
2239 3060 2340 3101 note
2352 3055 2388 3095 6-

511 3137 582 3177 16.
616 3131 904 3182 Prot-arandi,
941 3128 1236 3174 c'est-a-dire
1265 3128 1438 3172 nomine
1464 3127 1664 3181 Philippi
1696 3125 2065 3171 administrandi.

510 3197 582 3238 17.
618 3194 808 3245 Recione
826 3192 1023 3246 imperii,
1051 3204 1132 3247 par
1161 3194 1205 3234 la
1234 3190 1455 3235 situation
1485 3189 1542 3233 de
1569 3189 1696 3232 leurs
1726 3187 1995 3242 provinces.

511 3258 584 3297 18.
619 3256 850 3297 contento-s·
868 3266 986 3297 esse.
1022 3254 1196 3307 Ellipse
1224 3254 1285 3296 du
1315 3253 1441 3306 sujet
1468 3263 1561 3298 eos.
1594 3298 1604 3309 ,

510 3315 585 3361 19.
618 3315 824 3357 Sordent.
859 3317 929 3360 Cf.
963 3316 1185 3369 sordidus,
1213 3318 1283 3366 lx,
1315 3326 1379 3365 vt,
1409 3318 1516 3358 note
1546 3315 1617 3358 13.

511 3376 585 3417 20.
619 3373 758 3425 Solia,
786 3376 1004 3425 cercueil,
1036 3387 1148 3420 sens
1175 3376 1273 3420 tres
1301 3387 1427 3419 rare.

511 3435 587 3479 21.
619 3433 837 3486 AEqyptii.
873 3437 943 3478 Cf.
979 3437 1211 3493 He‘rodote,
1238 3442 1292 3492 11,
1320 3442 1391 3482 86.

512 3497 584 3538 22.
624 3492 804 3546 Curare,
837 3496 1117 3541 c’est-a-dire
1145 3500 1435 3543 embaumer.

511 3558 587 3598 23.
619 3553 879 3607 Puroovere‚
908 3568 1001 3599 une
1029 3559 1113 3602 des
1143 3560 1429 3604 ceremonies
1458 3563 1515 3607 de
1542 3562 1961 3606 l’embaumement.
