2517 3975
212 414 282 469 30

242 1910 273 1963 N>

337 194 442 251 884
1100 212 1151 257 Q.
1199 213 1363 250 tzfjtsz
1407 209 1540 247 Hem

334 320 502 376 tium.
536 320 795 375 Tandem
839 320 1104 375 constitit
1151 322 1419 390 Sanguis}
1452 318 1848 389 paululifflquu
1896 318 2156 370 animum
2196 330 2287 370 1⁸¹5·

335 408 517 480 cepit,
562 411 618 465 et
666 409 1116 464 circumstantes
1171 410 1343 478 ren-pit
1395 410 2024 478 nguinstss-e1·u.'l'utneu
2076 406 2180 470 sliu,
2232 418 2285 459 ac

335 502 506 554 nocte
546 514 676 568 quae
716 500 917 552 secuta
964 500 1082 562 est,
1125 503 1387 553 armatus
1436 496 1735 550 exercitus
1784 493 2009 563 regiam
2054 491 2285 557 obsedit,

336 586 650 643 confessus
680 602 889 643 omnes
926 586 1104 641 unius
1135 586 1349 656 spiritu
1394 584 1620 640 vivere.
1653 582 1778 637 Nee
1824 583 1995 652 prius
2043 595 2283 636 recesse-

335 678 473 729 runt
521 691 697 746 quam
747 679 1112 744 compertum
1160 676 1252 728 est
1303 688 1512 727 somno
1559 671 1865 747 paulisper
1910 670 2284 740 acquiescere.

336 764 485 819 Hinc
506 764 822 819 certiorem
854 779 1020 833 spem
1051 762 1265 817 salutis
1295 762 1429 834 ejus
1460 761 1522 816 in
1553 764 1747 816 castra
1775 760 2148 815 rettulerunt.

1122 1019 1378 1076 CAPUT
1430 1020 1510 1075 VI

653 1174 913 1226 Guarison
945 1175 1015 1225 du
1043 1173 1142 1225 roi.
1174 1201 1233 1213 —
1265 1171 1548 1224 Poursuite
1583 1171 1644 1220 de
1678 1168 1729 1219 la
1763 1182 1976 1233 guerre.

1100 1306 1279 1362 (niver,
1305 1304 1532 1361 aaa-325.)

404 1464 552 1531 Rex,
571 1484 652 1521 vn
683 1466 895 1523 diebus
926 1469 1127 1521 curato
1155 1468 1423 1535 vulnere,
1448 1465 1699 1520 necdum
1723 1465 1972 1519 obducta
2003 1462 2282 1526 cicatrice,

332 1566 464 1607 cum
484 1553 749 1610 audisset
770 1555 1149 1610 convaluisse
1166 1556 1322 1625 apud
1349 1554 1644 1609 barbaros
1665 1554 1874 1607 famam
1905 1553 2119 1607 mortis
2147 1566 2280 1617 suae,

332 1640 561 1696 duobus
604 1643 867 1715 navigiis
912 1643 1156 1713 junone,
1208 1644 1389 1697 statui
1424 1643 1488 1697 in
1535 1643 1790 1697 medium
1833 1641 2090 1711 undique
2129 1655 2283 1695 cons-

329 1728 564 1798 picuum
593 1732 1029 1785 tabernaculum
1054 1732 1261 1802 jussit,
1296 1748 1367 1787 ex
1417 1747 1530 1802 quo
1576 1748 1641 1785 se
1689 1731 2032 1785 ostenderet
2071 1729 2282 1799 perisse

331 1820 745 1875 credentibus:
780 1823 1247 1892 conspectusque
1280 1822 1352 1875 ab
1382 1822 1620 1888 incoliS,
1650 1837 1814 1890 spem
1845 1818 2278 1888 hostium‚falso

330 1908 534 1962 nuntio
565 1912 925 1976 conceptam,
947 1908 1223 1962 inhibuit.
1250 1908 1547 1964 Secundo¹
1569 1908 1776 1962 deinde
1795 1924 1964 1962 amne
1982 1908 2001 1933 ²
2033 1903 2276 1973 defluxit,

329 1997 689 2069 aliquantum
717 1999 1016 2052 intervalli
1042 2015 1076 2052 a
1106 2002 1302 2053 cetera
1333 1998 1528 2052 classe
1556 1999 1912 2068 praecipiens
1930 1998 1970 2065 ³,
1998 2013 2071 2051 ne
2100 1996 2276 2068 quies,

327 2086 694 2157 perinvalido
727 2086 915 2140 adhue
945 2087 1304 2153 necessaria,
1335 2088 1514 2159 pulsu
1544 2103 1845 2142 remorum
1890 2086 2274 2157 impediretur.

399 2174 642 2243 QuartO,
673 2179 987 2247 postquam
1017 2177 1306 2246 navigare
1356 2180 1631 2245 coeperat,
1664 2175 1781 2243 die,
1814 2175 2086 2244 pervenit
2114 2175 2170 2227 in
2194 2186 2276 2226 re·

328 2262 568 2334 gionein
600 2264 894 2319 desertam
925 2264 1160 2334 quidem
1189 2265 1260 2319 ab
1293 2265 1527 2332 incolis,
1561 2265 1663 2318 sed
1693 2263 1986 2318 frumento
2027 2267 2083 2317 et
2110 2275 2270 2333 peco-

326 2350 491 2406 ribus
512 2353 925 2408 abundantem.
952 2354 1175 2408 Placuit
1205 2355 1258 2408 is
1291 2354 1457 2408 locus
1486 2358 1538 2408 et
1568 2354 1638 2406 ad
1671 2369 1838 2406 suam
1859 2356 1914 2407 et
1944 2353 2017 2405 ad
2044 2351 2270 2405 militum

326 2442 610 2510 requiem.
665 2442 794 2496 Mos
844 2445 969 2495 erat
1024 2442 1395 2515 principibus
1453 2443 1776 2496 amicorum
1834 2444 1888 2494 et
1945 2437 2269 2494 custodibus

326 2531 600 2598 corporis
631 2531 926 2584 excubare
972 2535 1105 2584 ante
1144 2531 1509 2599 praetorium,
1541 2531 1814 2600 quotiens
1861 2528 2110 2582 adversa
2151 2521 2268 2594 regi

326 2618 599 2673 valetudo
630 2619 956 2673 incidisset.
991 2620 1117 2673 Hoc
1150 2622 1269 2674 tum
1303 2635 1533 2691 quoque
1555 2634 1712 2673 more
1735 2621 1993 2682 servato,
2027 2611 2266 2671 universi

324 2706 658 2761 cubiculum
702 2709 834 2779 ejus
882 2708 1122 2762 intrant.
1156 2708 1280 2778 Ille,
1313 2709 1606 2762 sollicitus
1648 2724 1718 2761 ne
1760 2706 1901 2775 quid
1945 2706 2085 2762 novi
2114 2701 2264 2758 affer·

324 2797 475 2863 rent,
500 2797 635 2865 quia
665 2796 837 2850 simul
868 2801 1173 2863 venerant,
1205 2798 1585 2864 percontatur
1613 2811 1751 2848 num
1781 2794 2040 2849 hostium
2067 2803 2262 2861 repens

324 2885 695 2938 nuntiaretur
730 2885 1040 2939 adventus.
1084 2887 1156 2938 At
1204 2885 1504 2948 CrateruS,
1547 2885 1640 2938 cui
1683 2883 2018 2954 mandatum
2067 2881 2180 2936 erat
2202 2877 2262 2930 ut

324 2973 644 3027 amicorum
672 2990 880 3045 preces
908 2974 1197 3045 perferret
1225 2974 1298 3028 ad
1329 2990 1491 3028 eum:

400 3081 423 3107 «ι
458 3060 755 3127 Credisne,
787 3064 995 3134 inquit,
1037 3063 1295 3117 adventu
1327 3064 1521 3134 magis
1559 3064 1820 3118 hostium
1846 3092 1920 3103 —
1947 3060 2043 3116 ιιι*
2066 3055 2254 3131 jamin

323 3148 477 3203 vallo
495 3149 515 3170 *
546 3153 942 3206 consisterent
962 3183 1032 3191 —
1052 3152 1340 3206 sollicitos
1369 3167 1485 3207 nos
1515 3166 1669 3216 esse,
1691 3168 1863 3222 quam
1897 3165 2037 3206 cura
2064 3141 2251 3202 salutis

374 3347 448 3388 vl.
478 3365 530 3374 —
557 3347 604 3386 1.
637 3341 851 3388 Secundo.
885 3345 952 3389 Cr.
980 3345 1285 3403 l'etymologie
1312 3347 1388 3404 qui
1414 3346 1631 3402 sequitur.

374 3404 420 3446 2.
453 3404 605 3450 Amne.
633 3402 901 3455 Pnyarotis.

374 3467 420 3506 3.
453 3463 744 3516 Praecipiens,
771 3463 912 3508 allant
941 3477 999 3508 en
1026 3475 1185 3514 avant.

376 3522 425 3568 4.
463 3524 535 3579 Ut,
560 3534 618 3567 en
636 3527 891 3577 supposant
916 3537 1028 3580 que.
