2517 3975
303 1543 370 1596 10

296 1989 358 2043 11

293 2169 361 2222 12

295 2347 359 2401 13

291 2436 356 2490 14

286 2881 354 2934 15

439 249 541 304 164
1199 267 1252 310 Q.
1295 264 1464 302 cum-1
1501 263 1636 299 nuri

435 371 620 439 fossa,
671 373 924 442 plurimo
986 372 1277 444 sanguine
1350 368 1567 434 effuso,
1639 368 1955 424 destituere
2013 373 2368 442 pugnantem.

438 461 595 534 Ergo
639 461 871 532 clipeo*
918 477 1027 516 suo
1075 464 1384 532 exceptum
1434 458 1758 529 armigeri*
1793 460 2011 528 raptim
2057 459 2120 513 in
2168 459 2372 513 castra*

434 550 791 619 referebant,
815 549 1195 621 jactationem
1222 548 1540 603 vulnerum
1568 545 1722 600 haud
1748 545 1921 601 facile
1946 546 2304 602 tolerantem.

504 638 637 692 Non
667 641 862 693 tamen
892 639 1150 693 omisere
1179 636 1606 691 Lacedaemonii
1637 650 1919 705 pugnam,
1942 638 2021 705 et,
2053 640 2116 690 ut
2141 638 2371 705 primum

434 726 549 782 sibi
587 744 760 799 quam
809 728 965 781 hosti
1006 728 1327 796 aequiorem
1371 725 1568 781 locum
1611 740 1823 794 capere
1870 728 2212 796 potuerunt,
2244 726 2372 779 den-

433 818 580 871 satis
612 817 942 886 ordinihuS,
973 815 1164 871 effuse
1196 815 1477 870 fluentem
1509 815 1566 867 in
1597 829 1662 867 se
1692 814 1878 868 aciem
1911 829 2228 884 excepere.
2256 814 2371 868 Non

431 909 583 962 aliud
618 906 937 961 discrimen
966 904 1375 960 vehementius
1405 905 1595 958 fuisse
1626 905 1929 959 memoriae
1956 906 2253 975 proditum
2275 908 2370 958 est.

429 996 691 1050 Duarum
711 994 1217 1050 nobilissimarum
1236 992 1394 1047 bello
1417 995 1687 1064 gentium
1709 994 2002 1048 exercitus
2021 997 2156 1065 pari
2177 992 2375 1047 Marte⁸

429 1083 790 1153 pugnabant.
832 1081 1265 1137 Lacedaemonii
1306 1087 1529 1149 vetera,
1570 1081 1919 1136 Macedones
1948 1082 2265 1154 praesentia
2289 1080 2375 1135 de-

429 1185 568 1225 eora
617 1171 997 1226 intuebantur
1043 1189 1055 1225 ε
1105 1170 1189 1224 illi
1231 1185 1340 1240 pro
1390 1169 1684 1237 libertate,
1735 1169 1796 1223 hi
1826 1185 1935 1240 pro
1992 1169 2371 1226 dominatione

428 1257 772 1327 pugnabant
804 1276 816 1313 :
848 1258 1316 1313 Lacedaemoniis
1347 1257 1485 1327 dux,
1520 1257 1943 1313 Macedonibus
1976 1259 2145 1314 locus
2167 1261 2371 1338 deerat.

428 1347 557 1401 Diei
589 1364 819 1418 quoque
847 1349 1025 1403 unius
1046 1351 1164 1402 tam
1197 1347 1507 1416 multiplex
1544 1348 1756 1401 casus⁰
1785 1348 1959 1402 modo
1991 1363 2186 1419 spem,
2214 1347 2370 1403 modo

425 1439 644 1490 metum
682 1438 993 1508 utriusque
1030 1436 1221 1506 partis
1261 1436 1538 1507 augebat,
1584 1437 1746 1492 velut
1792 1436 1864 1491 de
1911 1438 2210 1493 industria
2237 1440 2373 1493 inter

426 1524 788 1579 fortissimos
839 1525 1002 1580 viros
1049 1527 1347 1580 certamen
1384 1527 1654 1594 aequante
1682 1524 1937 1580 fortuna.
1978 1525 2259 1583 Ceterum
2284 1542 2373 1580 an-

422 1614 638 1684 gustiae
669 1613 805 1680 loci,
854 1613 914 1666 in
960 1629 1075 1682 quo
1108 1613 1365 1668 haeserat
1399 1628 1622 1684 pugna,
1682 1629 1805 1669 non
1845 1614 2222 1685 patiebantur
2249 1614 2370 1670 totis

422 1702 654 1773 ingredi
701 1702 936 1757 viribus
987 1721 1000 1757 ε
1053 1702 1397 1772 spectabant
1443 1717 1588 1773 ergo
1645 1702 1848 1772 plures
1911 1718 2087 1772 quam
2133 1703 2372 1760 inierant

418 1791 715 1861 proelium,
759 1794 835 1857 et,
868 1792 968 1861 qui
996 1794 1163 1846 extra
1192 1791 1338 1846 teli*
1366 1791 1590 1862 jactum
1618 1793 1804 1860 erant,
1836 1791 2091 1847 clamore
2122 1793 2368 1848 invicem

420 1894 567 1933 suos
597 1879 1013 1934 accendebant.
1463 1932 1471 1940 ,

489 1969 745 2024 Tandem
773 1969 1070 2026 Laconum
1099 1969 1263 2025 acies
1291 1968 1701 2041 languescere,
1719 1967 1947 2024 lubrica
1976 1987 2141 2025 arma
2170 1973 2368 2027 sudore
2455 1993 2456 2004 ¹

417 2057 519 2112 vix
571 2059 898 2123 sustinenS,
946 2059 1155 2128 pedem
1210 2057 1422 2111 deinde
1478 2057 1702 2113 referre
1759 2059 1952 2129 coepit,
2003 2062 2079 2125 et,
2129 2064 2368 2135 urgente
2455 2063 2456 2076 ²

414 2147 610 2215 hoste,
651 2149 914 2218 apertius
960 2148 1186 2219 fugere.
1221 2147 1651 2217 Insequebatur
1699 2149 2018 2219 dissipatos
2056 2150 2271 2221 victor,
2300 2153 2363 2216 et,

415 2252 694 2291 emensus
743 2253 924 2292 cursu
970 2253 1143 2291 omne
1183 2237 1459 2306 spatium,
1493 2237 1649 2306 quod
1686 2238 1846 2293 acies
1886 2240 2188 2294 Laconum
2224 2240 2368 2295 obti-
2449 2233 2452 2296 3

415 2330 641 2394 fluerat,
673 2327 869 2398 ipsum
918 2326 1074 2398 Agin
1114 2326 1605 2397 persequebatur.
1637 2327 1759 2394 Ille,
1792 2330 1855 2381 ut
1890 2327 2093 2399 fugam
2134 2342 2366 2386 suorum
2445 2351 2448 2408 ss

415 2417 471 2469 et
508 2416 816 2485 proximos
854 2415 1116 2469 hostium
1164 2415 1494 2486 conspexit,
1542 2414 1755 2485 deponi
1791 2432 1854 2471 se
1887 2416 2073 2488 jussit
2107 2436 2120 2471 ε
2162 2433 2365 2490 exper-
2445 2427 2448 2464 1

412 2506 623 2575 tueque
671 2505 935 2560 membra
982 2504 1094 2557 an⁷
1122 2505 1405 2575 impetum
1445 2506 1625 2559 animi
1664 2505 1874 2576 sequi⁸
1912 2511 2184 2576 possent,
2216 2510 2365 2579 post-

412 2608 589 2664 quam
624 2594 906 2650 deficere⁹
934 2593 1140 2660 sensit,
1177 2593 1502 2664 poplitibus
1540 2595 1725 2648 semet
1764 2595 2011 2665 excepit,
2045 2596 2361 2667 galea*que

411 2688 648 2736 strenue
678 2686 930 2755 sumpta,
961 2683 1148 2754 clipeo
1169 2683 1190 2704 *
1219 2685 1542 2753 protegens
1570 2698 1810 2755 eorpus,
1833 2682 2063 2737 hastam
2082 2684 2103 2705 *
2135 2684 2359 2739 dextera

413 2769 708 2838 vibrabat,
757 2773 913 2827 ultro
963 2787 1189 2827 vocans
1225 2771 1267 2798 ¹⁰
1306 2771 1567 2840 hostem,
1617 2772 1672 2826 si
1724 2773 1861 2843 quis
1901 2772 2128 2844 ¹jacenti
2180 2772 2358 2844 spolia

407 2857 644 2914 demere
683 2862 941 2915 auderet.
969 2860 1098 2918 Nec
1136 2861 1450 2930 quisquam
1488 2860 1615 2928 fuit,
1657 2862 1759 2932 qui
1797 2862 2118 2918 sustineret
2144 2864 2179 2890 ¹¹
2208 2877 2361 2917 eom-

408 2948 603 3003 minus
634 2950 919 3021 congredi
951 2968 965 3005 ε
1014 2950 1218 3021 procul
1247 2950 1287 2977 ¹¹
1319 2949 1652 3004 missilibus
1690 2951 2093 3022 appetebatur,
2133 2969 2199 3007 ea
2239 2952 2352 3020 ipsa

406 3038 465 3091 in
515 3038 746 3094 hostem
784 3045 1153 3110 retorquenS,
1199 3040 1384 3094 donec
1430 3039 1673 3096 lancea*
1712 3038 1870 3094 nudo
1914 3041 2137 3110 pectori
2183 3039 2354 3094 infixa

456 3176 502 3214 5.
537 3168 650 3211 Pari
667 3170 820 3222 Marte,
850 3169 998 3214 meme
1026 3181 1136 3214 sens
1167 3182 1257 3226 que
1288 3172 1393 3226 plus
1422 3171 1520 3224 bas,
1550 3177 1771 3214 certamen
1794 3174 1991 3225 aequante
2009 3173 2200 3226 fortuna.

454 3235 502 3279 6,
537 3230 773 3284 multiplex
799 3243 927 3276 casua
956 3244 1135 3277 comme
1165 3233 1289 3276 varii
1316 3243 1462 3277 casus.

456 3301 501 3338 7.
534 3294 603 3336 An
623 3294 745 3336 n’est
771 3305 854 3347 pas
881 3294 1117 3339 conforme
1146 3296 1172 3338 a
1195 3297 1382 3349 rusage
1400 3295 1654 3350 classique,
1684 3294 1716 3338 il
1746 3294 1946 3340 faudrait
1972 3309 2072 3342 num
2099 3309 2159 3342 ou
2183 3308 2254 3341 ne.

453 3358 502 3399 8.
534 3355 743 3409 Impetum
770 3357 912 3408 sequi,
938 3367 1054 3409 pour
1082 3362 1291 3413 impetum
1304 3357 1544 3410 sustinere,
1574 3362 1644 3401 est
1670 3357 1908 3412 poetique.

453 3421 502 3461 9.
538 3417 745 3471 Deficere,
769 3416 936 3470 ellipse
950 3418 1012 3460 du
1040 3419 1164 3473 sujet
1188 3419 1246 3464 de
1276 3431 1339 3463 ce.

455 3483 527 3522 10.
567 3478 733 3520 Vocanc
755 3488 932 3521 comme
956 3490 1215 3532 provocans.

455 3545 523 3583 11.
553 3538 782 3581 sustinere
809 3549 921 3583 avec
939 3539 1171 3584 l'inflnitir.
1202 3543 1269 3586 Cf.
1295 3546 1447 3594 lv,1v.
1480 3546 1588 3587 note
1618 3547 1690 3589 11.

455 3603 526 3644 ¹2.
562 3599 736 3644 Procul.
767 3598 839 3641 cf.
874 3604 919 3646 V.
939 3610 1025 3652 ιιι,
1052 3607 1159 3644 note
1189 3604 1261 3646 19.
