2517 3975
250 322 313 378 31

250 500 319 555 39.

251 855 320 910 33

277 3035 311 3089 5

377 197 483 254 880
1137 212 1191 257 Q.
1232 204 1402 250 cun-rx
1433 210 1571 252 nun-1

376 318 554 374 situm
584 322 895 389 saepserat.
935 318 1139 389 Itaque
1181 334 1291 373 rex
1327 317 1588 372 haerebat
1626 318 1820 390 magis
1842 334 2018 388 quam
2043 319 2224 373 stabat
2253 318 2303 374 in

376 407 660 478 margine,
692 407 879 477 clipeo
899 408 919 424 '¹
950 406 1211 478 undique
1250 406 1571 463 incidentia
1607 407 1721 461 tela
1762 409 2120 478 propulsans
2149 427 2164 461 ε
2199 423 2309 462 nam

377 495 592 566 ubique
642 497 876 550 eminus
917 511 993 550 ex
1033 496 1299 551 turribus
1335 496 1670 568 petebatur.
1711 496 1835 551 Nec
1884 497 2090 552 subire
2126 497 2309 551 milites

377 585 667 655 poterant,
702 584 841 653 quia
885 599 1145 654 superne
1185 585 1247 638 vi
1287 584 1537 639 telorum
1565 583 1587 605 ‘¹
1628 585 2053 638 obruebantur.
2087 584 2309 638 Tandem

376 672 843 743 magnitudinem
872 673 1122 743 periculi
1150 675 1342 742 pudor
1380 673 1540 741 vicit,
1576 673 1791 744 quippe
1819 675 2142 729 cernebant
2167 688 2309 727 cune-

375 760 595 815 tatione
640 777 754 815 sua
805 760 945 815 dedi
998 759 1273 814 hostibus
1320 776 1539 831 regem.
1583 759 1696 814 Sed
1753 760 2092 815 festinando
2145 774 2308 816 mora-

377 848 592 904 bantur
622 848 867 905 auxilia.
896 848 1073 915 Nam,
1110 849 1249 902 dum
1287 865 1395 918 pro
1419 864 1484 902 se
1515 848 1763 918 quisque
1795 851 1980 902 certat
2011 845 2307 913 evadere³’‚

377 952 698 991 oneravere
737 936 950 1002 scalas,
993 935 1189 1006 quis⁸⁸
1228 951 1347 990 non
1388 935 1844 1005 sufficientibus,
1879 936 2163 1006 devoluti,
2197 934 2309 990 uni-

375 1040 502 1080 cam
532 1039 698 1094 spem
730 1026 890 1096 regis
936 1024 1292 1081 fefellerunt.
1323 1024 1525 1081 Stabat
1554 1025 1710 1080 enim
1740 1026 1803 1078 in
1842 1028 2165 1095 conspectu
2191 1022 2310 1078 tanti

376 1112 692 1181 exercitae,
724 1113 884 1167 velut
910 1113 974 1166 in
1002 1113 1320 1168 solitudine
1345 1113 1688 1170 destitutus.

1211 1359 1463 1418 CAPUT
1510 1360 1560 1413 V

651 1512 860 1561 Audace
894 1511 1236 1562 d'Alexandre
1268 1524 1281 1561 ε
1321 1512 1356 1559 il
1391 1517 1470 1561 est
1502 1512 1824 1575 grievement
1856 1513 2054 1564 blesse.

1155 1644 1412 1700 (Automne,
1442 1644 1558 1700 326.)

443 1798 689 1867 Jamque
722 1797 951 1862 laevam,
977 1813 1091 1866 qua
1122 1798 1375 1867 clipeum
1395 1796 1416 1813 *
1441 1797 1512 1851 ad
1543 1798 1695 1851 ictus
1727 1796 2197 1867 circumferebat,
2217 1796 2311 1849 las·

373 1890 626 1954 saverat,
650 1885 1039 1940 clamantibus
1060 1886 1269 1940 amicis
1300 1888 1361 1940 ut
1391 1885 1462 1940 ad
1483 1886 1654 1955 ipsos
1676 1885 1959 1954 desiliret,
1988 1887 2308 1956 stabantque

374 1976 708 2045 excepturi:
748 1992 879 2029 cum
911 1976 1007 2031 ille
1038 1992 1162 2031 rem
1193 1992 1377 2030 ausus
1407 1978 1496 2030 est
1527 1975 1930 2031 incredibilem
1966 1980 2137 2048 atque
2165 1976 2310 2029 inau-

374 2065 569 2131 ditam,
604 2065 897 2136 multoque
928 2066 1121 2138 magis
1152 2065 1224 2119 ad
1255 2065 1466 2118 famam
1492 2067 1847 2119 temeritatis
1880 2082 2055 2136 quam
2092 2065 2309 2136 gloriam

372 2153 683 2226 insignem.
718 2153 982 2222 Namque
1012 2155 1074 2207 in
1105 2154 1315 2208 urbem
1344 2154 1603 2208 hostium
1632 2154 1865 2224 plenam
1899 2155 2183 2224 praecipiti
2209 2151 2309 2206 sal-

370 2245 433 2296 tu
465 2243 781 2312 semetipse
810 2242 1070 2310 immisit,
1113 2259 1245 2296 cum
1275 2244 1375 2295 vix
1423 2258 1667 2312 sperare
1715 2247 1918 2313 posset
1965 2243 2308 2297 dimicantem

370 2332 519 2384 certe
559 2333 615 2384 et
652 2345 770 2384 non
810 2330 1059 2385 inultum
1098 2347 1231 2384 esse
1269 2331 1660 2384 moriturum¹
1695 2345 1707 2383 :
1748 2331 1984 2400 quippe,
2027 2336 2309 2401 antequam

356 2419 769 2490 ,assurgeret¹,
805 2420 1064 2488 opprimi
1109 2422 1336 2489 poterat
1378 2423 1433 2472 et
1482 2421 1611 2488 capi
1660 2420 1854 2473 vivus.
1897 2419 2013 2473 Sed
2058 2420 2201 2474 forte
2244 2417 2308 2469 ita

370 2505 689 2560 libraverat
735 2523 982 2576 corpuS‚
1026 2510 1086 2560 ut
1131 2523 1198 2562 se
1250 2507 1502 2578 pedibus
1560 2508 1875 2576 exciperet.
1921 2510 2120 2578 itaque
2166 2509 2308 2561 stans

369 2595 480 2647 init
508 2612 789 2666 pugnam,
825 2601 900 2662 et,
929 2612 1002 2650 ne
1033 2596 1334 2650 circumiri
1363 2600 1586 2666 posset,
1617 2595 1850 2651 fortuna
1885 2598 2240 2667 providerat.

439 2683 684 2739 Vetusta
731 2686 927 2751 arbor,
960 2685 1115 2739 haud
1158 2685 1365 2756 procul
1407 2701 1600 2755 mure,
1637 2701 1853 2753 ramOS,
1893 2686 2075 2740 multa
2119 2681 2308 2739 fronde

368 2774 619 2828 vestitos
639 2774 679 2843 ⁸,
713 2773 870 2829 velut
902 2775 970 2828 de
1011 2774 1304 2828 industria
1334 2789 1534 2844 regem
1574 2778 1954 2845 protegentes
1988 2773 2304 2845 objecerat:

368 2859 546 2932 huJ'us
585 2863 847 2933 spatioso
893 2863 1078 2932 stipiti
1127 2880 1343 2933 corpus
1390 2861 1486 2935 [ne
1532 2863 1832 2917 circumiri
1871 2863 2097 2937 posset]
2134 2858 2304 2931 appli-

369 2952 505 3014 cuit,
534 2952 721 3022 clipeo
744 2952 763 2973 *
794 2953 906 3013 tela
925 2955 966 3023 *,
991 2968 1120 3024 quae
1151 2968 1224 3006 ex
1253 2952 1508 3006 adverso
1539 2952 1981 3024 ingerebantur,
2008 2952 2301 3022 excipiens·

368 3039 516 3095 Nam
550 3040 722 3094 cum*
759 3057 941 3095 unum
981 3041 1186 3111 procul
1221 3043 1546 3101 totmanus
1587 3044 1870 3111 peterent,
1913 3057 2084 3097 nemo
2129 3043 2297 3093 tamen

417 3220 491 3261 32.
527 3214 675 3258 Certa!
700 3217 904 3264 evadere.
932 3219 998 3261 cf.
1029 3221 1117 3267 Vll,
1138 3229 1200 3271 vi,
1233 3223 1343 3261 note
1371 3222 1419 3263 5.

416 3279 484 3321 33.
517 3277 638 3330 Quis,
660 3286 836 3319 comme
855 3280 1029 3331 quibus.
1054 3279 1126 3322 cf.
1161 3284 1231 3333 111,
1264 3292 1316 3333 n,
1346 3286 1453 3323 nete
1471 3281 1518 3324 8.

418 3338 474 3378 V.
501 3359 550 3367 -
578 3345 620 3380 ι.
654 3334 766 3378 Sese
792 3341 1059 3388 moriturum.
1083 3341 1249 3395 ellipse
1280 3344 1339 3384 du
1369 3342 1495 3396 suiet
1511 3354 1577 3385 se.

412 3402 460 3441 Ξ.
487 3397 723 3447 Antequam
752 3408 862 3438 avec
884 3400 927 3439 le
947 3401 1211 3453 subjonctif.
1229 3402 1298 3446 Cf.
1320 3407 1391 3455 111,
1419 3416 1495 3458 vu,
1516 3409 1623 3447 note
1641 3403 1715 3449 26.

418 3458 466 3502 3.
509 3456 695 3499 Vesciws
720 3456 871 3507 [νοηάε
890 3470 1032 3502 ramos
1052 3466 1126 3503 est
1144 3464 1383 3519 poetique.

419 3523 465 3560 4.
501 3517 620 3568 Cum,
637 3515 858 3568 quoique.
