2517 3975
601 221 995 260 msromAnuu
1030 221 1368 262 Anaxaunm
1406 225 1502 273 vn,
1550 225 1630 260 ιν.
2001 206 2112 260 227

153 330 509 401 ducibusque
573 331 874 400 copiarum
932 332 1084 384 inter
1133 333 1339 401 epulas
1389 333 1459 387 de
1501 332 1657 386 bello
1710 331 2105 388 consultabat.

153 419 356 474 Graves
388 436 554 474 mero
590 437 729 473 suas
761 436 925 473 vlres
956 420 1267 483 extollere.
1303 422 1562 475 hostium
1615 439 1772 476 nunc
1823 423 2116 476 temerita-

155 514 273 574 tem,
300 526 458 564 nunc
484 511 833 579 paucitatem
850 526 1130 579 spernere
1156 512 1485 579 lucipiumt.
1521 513 1827 582 Praecipue
1859 512 2112 576 BessuS‚

153 597 307 653 ferox
337 600 542 655 verbis
562 603 615 654 et
640 604 804 668 parto
836 615 944 668 per
972 601 1171 654 scelus
1203 617 1391 671 regno
1424 602 1742 670 superbus,
1778 617 1844 654 ac
1873 602 1977 654 vix
2007 616 2115 668 po·-

155 691 273 741 tens
302 691 543 755 mentiS,
579 689 769 741 dicere
798 689 1025 741 orditur
1059 707 1070 740 ε
1108 711 1128 735 «
1166 689 1449 743 Socordia
1485 690 1646 742 Darii
1679 690 1943 742 crevisse
1977 689 2117 741 hos-

155 778 284 830 tium
319 778 553 834 famam.
588 777 934 831 Occurrisse
967 779 1125 830 enim
1160 781 1212 830 in
1239 780 1461 832 Ciliciae
1495 778 1947 849 augustissimis
1980 778 2115 829 fau-

158 867 330 927 cibus,
364 884 498 920 cum
531 867 953 920 retrocedendo
985 873 1184 935 posset
1214 869 1541 936 perducere
1584 870 1848 926 incautos
1898 867 1956 919 in
1993 868 2116 927 loca

158 962 368 1011 naturae
401 958 522 1011 situ
551 960 695 1023 tuta,
728 960 810 1010 tot
844 957 1186 1011 fluminibus
1219 957 1489 1027 objectis,
1524 961 1607 1010 tot
1637 959 1925 1011 montium
1966 958 2115 1011 late-

159 1044 292 1109 bris,‚
334 1045 489 1098 inter
519 1061 665 1115 quas
699 1044 1105 1113 deprehensus
1132 1045 1325 1100 hostis
1374 1061 1449 1099 ne
1502 1046 1657 1117 fugae
1708 1046 1965 1114 quidem,
2007 1060 2112 1097 ne-

158 1133 283 1187 dum
324 1134 648 1190 resistendi
693 1135 1072 1189 occasionem
1114 1133 1296 1188 fuerit
1342 1134 1672 1189 habiturus.
1708 1135 1834 1190 Sibi
1883 1135 2114 1203 placere

157 1222 210 1275 in
237 1224 571 1294 Sogdianos
602 1223 898 1287 recedere,
921 1222 1110 1277 Oxum
1132 1240 1362 1279 amnem
1395 1225 1551 1278 velut
1575 1239 1810 1277 murum
1842 1223 2115 1294 objectu-

158 1312 314 1365 rum'
343 1313 519 1374 hosti.
554 1314 693 1367 dum
723 1328 796 1367 ex
826 1312 1097 1367 finitimis
1144 1313 1422 1384 gentibus
1472 1313 1668 1366 valida
1710 1314 1929 1371 auxilia
1973 1328 2118 1366 con-

159 1408 470 1456 currerent.
504 1403 804 1456 Venturos
832 1406 1025 1456 antem
1057 1401 1450 1457 Chorasmios
1471 1403 1510 1467 ³,
1534 1409 1590 1456 et
1609 1401 1805 1456 Dahas
1825 1403 1866 1467 ⁴,
1897 1401 2112 1457 Sacas-

160 1506 279 1560 que,
309 1496 363 1545 et
390 1492 592 1557 Indos,
647 1494 699 1546 et
746 1491 897 1545 ultra
945 1491 1172 1545 Tanain
1222 1507 1454 1545 amnem
1502 1492 1764 1546 colentes
1811 1489 2108 1560 Scythas:

159 1596 394 1650 quorum
422 1582 720 1634 neminem
750 1581 894 1647 adeo
923 1581 1204 1636 humilem
1234 1597 1394 1651 esse,
1435 1585 1497 1634 ut
1544 1581 1776 1635 humeri
1818 1579 1945 1650 ejus
1993 1596 2113 1634 non

158 1675 388 1737 possent
418 1669 752 1724 Macedonis
782 1670 987 1724 militis
1010 1671 1298 1724 verticem
1328 1686 1586 1741 aequare.
1622 1691 1647 1718 ι

219 1757 593 1814 Conclamant
636 1759 944 1813 temulenti
989 1775 1167 1813 unam
1214 1760 1361 1813 hanc
1409 1760 1764 1814 sententiam
1815 1759 2112 1815 salubrem

161 1861 300 1913 esse,
333 1852 385 1903 et
414 1849 640 1903 Bessus
670 1848 1041 1903 circumferri
1092 1856 1322 1903 merum
1371 1849 1601 1919 largius
1623 1848 1818 1919 jubet,
1853 1847 2109 1903 debella-

161 1937 314 1992 turus
342 1954 523 2009 super
554 1940 853 1993 mensam⁸
880 1937 1308 1994 Alexandrum.

222 2027 355 2083 Erat
382 2031 441 2082 in
474 2044 545 2083 eo
575 2030 853 2083 convivio
885 2027 1172 2092 Gobares,
1203 2030 1443 2083 natione
1465 2028 1695 2098 Metine,
1722 2030 1826 2084 sed
1857 2029 2109 2099 magicae

2171 419 2205 561 0020

163 2118 291 2171 artis
318 2149 383 2159 —-
413 2119 466 2171 si
497 2119 669 2173 modo
700 2134 800 2171 ars
827 2122 937 2182 est,
971 2133 1091 2171 non
1120 2118 1435 2171 vanissimi
1474 2118 1761 2188 cujusque
1791 2118 2111 2172 ludibrium
2182 2151 2188 2162 ·

164 2208 419 2277 —magis
450 2208 828 2278 professione
847 2208 866 2234 ⁶
898 2223 1072 2277 quam
1100 2208 1349 2261 scientia
1374 2207 1632 2273 celeber,
1657 2206 1877 2278 alioqui
1904 2206 2111 2262 mode·-

165 2298 309 2350 ratus
336 2300 390 2351 et
418 2297 666 2367 probus,
703 2297 759 2351 Is
788 2313 921 2350 cum
967 2295 1251 2365 praefatus
1300 2298 1480 2362 esset,
1520 2317 1542 2344 «
1570 2294 1720 2349 scire
1752 2311 1930 2350 servo
1953 2296 1970 2322 ⁷
2000 2295 2112 2349 uti-

165 2383 265 2439 lius
308 2402 439 2441 esse
485 2401 693 2456 parere
740 2385 893 2438 dicto
942 2401 1117 2454 quam
1149 2383 1366 2439 afferre
1397 2385 1740 2453 consilium,
1771 2400 1905 2438 cum
1952 2384 2109 2444 illos,

169 2474 254 2542 qui
280 2478 542 2545 pareant,
573 2476 727 2529 idem
760 2475 914 2544 quod
947 2477 1180 2528 ceteros
1211 2478 1466 2538 maneat,
1498 2476 1597 2545 qui
1628 2489 1773 2528 vero
1804 2474 2108 2541 suadeant,

169 2566 451 2634 proprium
483 2565 602 2621 sibi
640 2560 968 2634 periculum
998 2563 1347 2618 contrahant
1382 2582 1394 2618 :
1422 2584 1446 2615 n
1483 2564 1710 2617 Bessus
1758 2578 1893 2618 eum
1934 2564 2112 2619 intre·

170 2653 344 2722 pidum
363 2656 560 2711 dicere
576 2654 784 2725 jussit,
807 2654 1081 2724 poculum
1097 2652 1118 2674 *
1139 2654 1333 2718 etiam,
1362 2654 1520 2724 quod
1543 2652 1793 2708 habehat
1822 2653 1885 2706 in
1908 2669 2108 2722 manu,

170 2742 400 2800 tradidit.

230 2830 343 2899 Quo
385 2836 648 2904 accepto,
691 2832 954 2887 Gobares
996 2847 1009 2886 :
1059 2854 1081 2881 «
1114 2833 1369 2901 Natura,
1394 2832 1604 2903 inquit,
1636 2831 1969 2887 mortalium
1998 2831 2111 2887 hoc

212 3063 251 3104 Ξ.
285 3061 567 3115 objecturum.
600 3061 773 3117 Ellipse
794 3062 856 3105 du
886 3062 1010 3115 sujet
1038 3073 1102 3105 ce.

212 3121 250 3165 3.
280 3125 571 3172 Chorasmios.
595 3128 656 3168 Ce
694 3125 861 3179 peuple
892 3125 1087 3168 habitait
1118 3136 1172 3167 au
1204 3124 1486 3167 nord-ouest
1514 3124 1572 3168 de
1605 3124 1652 3168 la
1682 3126 1927 3179 Sogdiana,
1949 3135 2031 3168 sur
2064 3123 2111 3168 le

173 3194 285 3229 cours
310 3188 531 3232 inferieur
561 3188 618 3231 de
638 3188 814 3239 l'oxuS,
844 3189 887 3229 le
919 3198 1029 3241 pays
1060 3187 1219 3242 appele
1248 3187 1541 3241 aujourd’hui
1573 3188 1752 3230 Rhanat
1780 3188 1836 3231 de
1863 3189 2027 3231 Khiva.

217 3253 258 3290 ⁴.
285 3250 436 3295 Dahas.
464 3254 548 3293 Les
578 3252 696 3292 Dahs
719 3250 967 3294 habitaient
1004 3261 1085 3292 sur
1114 3251 1183 3292 les
1221 3248 1350 3292 deux
1391 3251 1512 3292 rives
1538 3248 1595 3293 de
1620 3251 1781 3295 l'Oxus
1816 3251 1858 3293 le
1885 3262 2000 3305 pays
2031 3248 2111 3306 qui

179 3308 332 3355 s’ctend
358 3319 487 3358 entre
503 3315 545 3356 la
568 3313 828 3367 Caspienne
856 3319 904 3356 et
927 3314 1160 3359 l'laxarte.
1187 3312 1248 3355 lls
1285 3312 1472 3357 avaient
1510 3325 1626 3369 pour
1654 3313 1827 3357 voisins
1856 3310 1883 3358 a
1911 3313 2015 3355 l’est
2042 3313 2111 3355 les

179 3371 446 3427 EassageteS.
1399 3371 1410 3379 '

222 3437 263 3478 5.
286 3436 416 3491 Super
438 3443 642 3493 mensam,
665 3438 691 3481 a.
705 3438 851 3486 table.

227 3496 268 3541 6.
300 3499 582 3555 Prosae-sione,
614 3501 838 3545 entendez
869 3500 939 3544 Ιιίε
953 3512 1047 3556 quae
1068 3502 1377 3557 profitebatur.

230 3555 270 3604 Ἰ.
299 3558 439 3609 Servo.
473 3564 540 3608 Gr.
576 3567 647 3617 lv,
672 3576 743 3618 xi,
772 3569 879 3608 note
908 3563 980 3609 14.
