<?xml version="1.0" encoding="UTF-8"?>
<!DOCTYPE html PUBLIC "-//W3C//DTD XHTML 1.0 Transitional//EN"
    "http://www.w3.org/TR/xhtml1/DTD/xhtml1-transitional.dtd">
<html xmlns="http://www.w3.org/1999/xhtml" xml:lang="en" lang="en">
 <head>
  <title>
</title>
<meta http-equiv="Content-Type" content="text/html;charset=utf-8" />
  <meta name='ocr-system' content='tesseract 3.04.00' />
  <meta name='ocr-capabilities' content='ocr_page ocr_carea ocr_par ocr_line ocrx_word'/>
</head>
<body>
  <div class='ocr_page' id='page_1' title='image "./qcurtirufihisto00brelgoog_0397.png"; bbox 0 0 2517 3975; ppageno 0'>
   <div class='ocr_carea' id='block_1_1' title="bbox 646 235 2103 303">
    <p class='ocr_par' dir='ltr' id='par_1_1' title="bbox 646 235 2103 303">
     <span class='ocr_line' id='line_1_1' title="bbox 646 235 2103 303; baseline 0.003 -18"><span class='ocrx_word' id='word_1_1' title='bbox 646 247 1037 289; x_wconf 58' lang='lat' dir='ltr'><strong>msa-omasum</strong></span> <span class='ocrx_word' id='word_1_2' title='bbox 1072 250 1412 291; x_wconf 69' lang='lat' dir='ltr'><strong>ALExAnnm</strong></span> <span class='ocrx_word' id='word_1_3' title='bbox 1449 254 1508 303; x_wconf 84' lang='lat' dir='ltr'><strong>x,</strong></span> <span class='ocrx_word' id='word_1_4' title='bbox 1551 254 1590 290; x_wconf 87' lang='lat'><strong>1.</strong></span> <span class='ocrx_word' id='word_1_5' title='bbox 1998 235 2103 289; x_wconf 82' lang='lat'><strong>357</strong></span> 
     </span>
    </p>
   </div>
   <div class='ocr_carea' id='block_1_2' title="bbox 102 351 2106 2294">
    <p class='ocr_par' dir='ltr' id='par_1_2' title="bbox 102 351 2106 2294">
     <span class='ocr_line' id='line_1_2' title="bbox 102 351 2105 432; baseline 0.002 -21"><span class='ocrx_word' id='word_1_6' title='bbox 102 354 429 411; x_wconf 86' lang='lat' dir='ltr'><strong>barbaros</strong></span> <span class='ocrx_word' id='word_1_7' title='bbox 458 356 745 411; x_wconf 78' lang='lat' dir='ltr'><strong>eminenS.</strong></span> <span class='ocrx_word' id='word_1_8' title='bbox 791 355 992 412; x_wconf 91' lang='lat' dir='ltr'><strong>Genus</strong></span> <span class='ocrx_word' id='word_1_9' title='bbox 1033 357 1285 414; x_wconf 85' lang='lat' dir='ltr'><strong>ducebat</strong></span> <span class='ocrx_word' id='word_1_10' title='bbox 1328 376 1360 413; x_wconf 91' lang='lat' dir='ltr'><strong>a</strong></span> <span class='ocrx_word' id='word_1_11' title='bbox 1405 359 1578 431; x_wconf 78' lang='lat' dir='ltr'><strong>Cyro,</strong></span> <span class='ocrx_word' id='word_1_12' title='bbox 1621 351 1918 431; x_wconf 85' lang='lat' dir='ltr'><strong>quondam</strong></span> <span class='ocrx_word' id='word_1_13' title='bbox 1960 375 2105 432; x_wconf 81' lang='lat' dir='ltr'><strong>rege</strong></span> 
     </span>
     <span class='ocr_line' id='line_1_3' title="bbox 104 445 2104 519; baseline 0.003 -20"><span class='ocrx_word' id='word_1_14' title='bbox 104 445 687 516; x_wconf 75' lang='lat' dir='ltr'><strong>Persarumz·opes</strong></span> <span class='ocrx_word' id='word_1_15' title='bbox 733 448 786 501; x_wconf 89' lang='lat' dir='ltr'><strong>et</strong></span> <span class='ocrx_word' id='word_1_16' title='bbox 831 462 866 500; x_wconf 87' lang='lat' dir='ltr'><strong>a</strong></span> <span class='ocrx_word' id='word_1_17' title='bbox 910 446 1238 518; x_wconf 84' lang='lat' dir='ltr'><strong>majoribus</strong></span> <span class='ocrx_word' id='word_1_18' title='bbox 1276 449 1522 503; x_wconf 82' lang='lat' dir='ltr'><strong>traditas</strong></span> <span class='ocrx_word' id='word_1_19' title='bbox 1559 450 1831 515; x_wconf 86' lang='lat' dir='ltr'><strong>habebat,</strong></span> <span class='ocrx_word' id='word_1_20' title='bbox 1874 453 1930 503; x_wconf 85' lang='lat' dir='ltr'><strong>et</strong></span> <span class='ocrx_word' id='word_1_21' title='bbox 1973 450 2104 519; x_wconf 91' lang='lat' dir='ltr'><strong>ipse</strong></span> 
     </span>
     <span class='ocr_line' id='line_1_4' title="bbox 104 534 2104 611; baseline 0.003 -23"><span class='ocrx_word' id='word_1_22' title='bbox 104 534 322 607; x_wconf 83' lang='lat' dir='ltr'><strong>longa</strong></span> <span class='ocrx_word' id='word_1_23' title='bbox 350 535 585 604; x_wconf 87' lang='lat' dir='ltr'><strong>imperii</strong></span> <span class='ocrx_word' id='word_1_24' title='bbox 609 536 994 603; x_wconf 80' lang='lat' dir='ltr'>possessione</span> <span class='ocrx_word' id='word_1_25' title='bbox 1021 537 1442 591; x_wconf 78' lang='lat' dir='ltr'><strong>cumulaverat.</strong></span> <span class='ocrx_word' id='word_1_26' title='bbox 1477 539 1536 593; x_wconf 93' lang='lat' dir='ltr'><strong>ls</strong></span> <span class='ocrx_word' id='word_1_27' title='bbox 1582 537 1708 611; x_wconf 82' lang='lat' dir='ltr'><strong>regi</strong></span> <span class='ocrx_word' id='word_1_28' title='bbox 1750 554 1884 593; x_wconf 84' lang='lat' dir='ltr'><strong>cum</strong></span> <span class='ocrx_word' id='word_1_29' title='bbox 1914 538 2104 593; x_wconf 90' lang='lat' dir='ltr'><strong>omnis</strong></span> 
     </span>
     <span class='ocr_line' id='line_1_5' title="bbox 106 623 2106 698; baseline 0.001 -19"><span class='ocrx_word' id='word_1_30' title='bbox 106 624 383 698; x_wconf 83' lang='lat' dir='ltr'><strong>generis</strong></span> <span class='ocrx_word' id='word_1_31' title='bbox 412 623 605 694; x_wconf 90' lang='lat' dir='ltr'><strong>donis,</strong></span> <span class='ocrx_word' id='word_1_32' title='bbox 639 639 758 678; x_wconf 91' lang='lat' dir='ltr'><strong>non</strong></span> <span class='ocrx_word' id='word_1_33' title='bbox 786 624 901 695; x_wconf 89' lang='lat' dir='ltr'><strong>ipsi</strong></span> <span class='ocrx_word' id='word_1_34' title='bbox 924 626 1098 679; x_wconf 91' lang='lat' dir='ltr'><strong>modo</strong></span> <span class='ocrx_word' id='word_1_35' title='bbox 1130 641 1198 680; x_wconf 85' lang='lat' dir='ltr'><strong>ea</strong></span> <span class='ocrx_word' id='word_1_36' title='bbox 1226 627 1326 681; x_wconf 91' lang='lat' dir='ltr'><strong>sed</strong></span> <span class='ocrx_word' id='word_1_37' title='bbox 1361 627 1535 681; x_wconf 88' lang='lat' dir='ltr'><strong>etiam</strong></span> <span class='ocrx_word' id='word_1_38' title='bbox 1563 628 1769 682; x_wconf 84' lang='lat' dir='ltr'><strong>amicis</strong></span> <span class='ocrx_word' id='word_1_39' title='bbox 1817 627 1950 698; x_wconf 81' lang='lat' dir='ltr'><strong>ejus</strong></span> <span class='ocrx_word' id='word_1_40' title='bbox 1999 628 2106 681; x_wconf 87' lang='lat' dir='ltr'><strong>da-</strong></span> 
     </span>
     <span class='ocr_line' id='line_1_6' title="bbox 102 713 2104 787; baseline 0 -18"><span class='ocrx_word' id='word_1_41' title='bbox 102 718 329 778; x_wconf 72' lang='lat' dir='ltr'><strong>turuS‚</strong></span> <span class='ocrx_word' id='word_1_42' title='bbox 361 713 637 767; x_wconf 81' lang='lat' dir='ltr'><strong>occurrit.</strong></span> <span class='ocrx_word' id='word_1_43' title='bbox 669 713 972 786; x_wconf 83' lang='lat' dir='ltr'><strong>Equorum</strong></span> <span class='ocrx_word' id='word_1_44' title='bbox 1002 714 1203 769; x_wconf 91' lang='lat' dir='ltr'><strong>domiti</strong></span> <span class='ocrx_word' id='word_1_45' title='bbox 1238 731 1465 787; x_wconf 78' lang='lat' dir='ltr'>greges</span> <span class='ocrx_word' id='word_1_46' title='bbox 1514 715 1933 787; x_wconf 89' lang='lat' dir='ltr'><strong>sequebantur,</strong></span> <span class='ocrx_word' id='word_1_47' title='bbox 1965 732 2104 771; x_wconf 90' lang='lat' dir='ltr'><strong>cur-</strong></span> 
     </span>
     <span class='ocr_line' id='line_1_7' title="bbox 104 803 2104 876; baseline 0 -18"><span class='ocrx_word' id='word_1_48' title='bbox 104 817 359 871; x_wconf 80' lang='lat' dir='ltr'><strong>rusque</strong></span> <span class='ocrx_word' id='word_1_49' title='bbox 386 805 632 872; x_wconf 75' lang='lat' dir='ltr'><strong>argento</strong></span> <span class='ocrx_word' id='word_1_50' title='bbox 649 804 704 857; x_wconf 86' lang='lat' dir='ltr'><strong>et</strong></span> <span class='ocrx_word' id='word_1_51' title='bbox 720 818 864 858; x_wconf 87' lang='lat' dir='ltr'><strong>auro</strong></span> <span class='ocrx_word' id='word_1_52' title='bbox 884 803 1177 871; x_wconf 86' lang='lat' dir='ltr'><strong>adornati,</strong></span> <span class='ocrx_word' id='word_1_53' title='bbox 1198 805 1463 874; x_wconf 86' lang='lat' dir='ltr'><strong>pretiosa</strong></span> <span class='ocrx_word' id='word_1_54' title='bbox 1483 806 1769 876; x_wconf 79' lang='lat' dir='ltr'><strong>supellex,</strong></span> <span class='ocrx_word' id='word_1_55' title='bbox 1795 812 1851 859; x_wconf 89' lang='lat' dir='ltr'><strong>et</strong></span> <span class='ocrx_word' id='word_1_56' title='bbox 1870 805 2104 859; x_wconf 91' lang='lat' dir='ltr'><strong>nobiles</strong></span> 
     </span>
     <span class='ocr_line' id='line_1_8' title="bbox 104 892 2099 966; baseline -0.001 -19"><span class='ocrx_word' id='word_1_57' title='bbox 104 906 408 966; x_wconf 81' lang='lat' dir='ltr'><strong>gemmae,</strong></span> <span class='ocrx_word' id='word_1_58' title='bbox 447 907 623 946; x_wconf 88' lang='lat' dir='ltr'><strong>aurea</strong></span> <span class='ocrx_word' id='word_1_59' title='bbox 661 892 861 964; x_wconf 83' lang='lat' dir='ltr'><strong>magni</strong></span> <span class='ocrx_word' id='word_1_60' title='bbox 903 892 1183 963; x_wconf 85' lang='lat' dir='ltr'><strong>ponderis</strong></span> <span class='ocrx_word' id='word_1_61' title='bbox 1212 908 1379 961; x_wconf 88' lang='lat' dir='ltr'><strong>vasa,</strong></span> <span class='ocrx_word' id='word_1_62' title='bbox 1411 897 1726 964; x_wconf 81' lang='lat' dir='ltr'><strong>vestesque</strong></span> <span class='ocrx_word' id='word_1_63' title='bbox 1767 908 2099 964; x_wconf 78' lang='lat' dir='ltr'><strong>purpureae,</strong></span> 
     </span>
     <span class='ocr_line' id='line_1_9' title="bbox 103 979 2102 1050; baseline -0.003 -12"><span class='ocrx_word' id='word_1_64' title='bbox 103 985 174 1038; x_wconf 85' lang='lat' dir='ltr'><strong>ct</strong></span> <span class='ocrx_word' id='word_1_65' title='bbox 243 979 472 1050; x_wconf 78' lang='lat' dir='ltr'><strong>signati</strong></span> <span class='ocrx_word' id='word_1_66' title='bbox 528 981 761 1050; x_wconf 77' lang='lat' dir='ltr'><strong>argenti</strong></span> <span class='ocrx_word' id='word_1_67' title='bbox 814 980 1096 1036; x_wconf 80' lang='lat' dir='ltr'><strong>talentum</strong></span> <span class='ocrx_word' id='word_1_68' title='bbox 1123 981 1163 1008; x_wconf 81' lang='lat'><strong>¹⁷</strong></span> <span class='ocrx_word' id='word_1_69' title='bbox 1193 980 1214 1002; x_wconf 87' lang='lat'><strong>*</strong></span> <span class='ocrx_word' id='word_1_70' title='bbox 1256 999 1322 1035; x_wconf 87' lang='lat'><strong>111</strong></span> <span class='ocrx_word' id='word_1_71' title='bbox 1359 982 1562 1036; x_wconf 87' lang='lat' dir='ltr'><strong>millia.</strong></span> <span class='ocrx_word' id='word_1_72' title='bbox 1616 981 1887 1036; x_wconf 87' lang='lat' dir='ltr'><strong>Ceterum</strong></span> <span class='ocrx_word' id='word_1_73' title='bbox 1945 983 2102 1035; x_wconf 88' lang='lat' dir='ltr'><strong>tanta</strong></span> 
     </span>
     <span class='ocr_line' id='line_1_10' title="bbox 110 1067 2104 1139; baseline -0.002 -13"><span class='ocrx_word' id='word_1_74' title='bbox 110 1068 482 1139; x_wconf 80' lang='lat' dir='ltr'><strong>benignitas</strong></span> <span class='ocrx_word' id='word_1_75' title='bbox 548 1067 802 1123; x_wconf 83' lang='lat' dir='ltr'><strong>barbaro</strong></span> <span class='ocrx_word' id='word_1_76' title='bbox 866 1085 1046 1124; x_wconf 88' lang='lat' dir='ltr'><strong>causa</strong></span> <span class='ocrx_word' id='word_1_77' title='bbox 1107 1071 1321 1125; x_wconf 88' lang='lat' dir='ltr'><strong>mortis</strong></span> <span class='ocrx_word' id='word_1_78' title='bbox 1385 1070 1517 1125; x_wconf 87' lang='lat' dir='ltr'><strong>fuit.</strong></span> <span class='ocrx_word' id='word_1_79' title='bbox 1572 1071 1725 1126; x_wconf 89' lang='lat' dir='ltr'><strong>Nam</strong></span> <span class='ocrx_word' id='word_1_80' title='bbox 1783 1085 1918 1125; x_wconf 91' lang='lat' dir='ltr'><strong>cum</strong></span> <span class='ocrx_word' id='word_1_81' title='bbox 1981 1085 2104 1124; x_wconf 89' lang='lat' dir='ltr'><strong>om-</strong></span> 
     </span>
     <span class='ocr_line' id='line_1_11' title="bbox 108 1157 2099 1229; baseline -0.001 -15"><span class='ocrx_word' id='word_1_82' title='bbox 108 1174 244 1214; x_wconf 87' lang='lat' dir='ltr'><strong>nes</strong></span> <span class='ocrx_word' id='word_1_83' title='bbox 286 1158 509 1212; x_wconf 86' lang='lat' dir='ltr'><strong>amicos</strong></span> <span class='ocrx_word' id='word_1_84' title='bbox 538 1158 703 1227; x_wconf 79' lang='lat' dir='ltr'><strong>regis</strong></span> <span class='ocrx_word' id='word_1_85' title='bbox 732 1157 907 1212; x_wconf 91' lang='lat' dir='ltr'><strong>donis</strong></span> <span class='ocrx_word' id='word_1_86' title='bbox 938 1173 1120 1229; x_wconf 89' lang='lat' dir='ltr'><strong>super</strong></span> <span class='ocrx_word' id='word_1_87' title='bbox 1153 1158 1423 1229; x_wconf 86' lang='lat' dir='ltr'><strong>ipsorum</strong></span> <span class='ocrx_word' id='word_1_88' title='bbox 1463 1162 1600 1213; x_wconf 86' lang='lat' dir='ltr'><strong>vota</strong></span> <span class='ocrx_word' id='word_1_89' title='bbox 1647 1160 1952 1223; x_wconf 89' lang='lat' dir='ltr'><strong>coluisset,</strong></span> <span class='ocrx_word' id='word_1_90' title='bbox 1983 1160 2099 1213; x_wconf 89' lang='lat' dir='ltr'><strong>Ba-</strong></span> 
     </span>
     <span class='ocr_line' id='line_1_12' title="bbox 107 1243 2105 1320; baseline 0.001 -18"><span class='ocrx_word' id='word_1_91' title='bbox 107 1261 271 1320; x_wconf 82' lang='lat' dir='ltr'><strong>goae</strong></span> <span class='ocrx_word' id='word_1_92' title='bbox 300 1244 550 1315; x_wconf 88' lang='lat' dir='ltr'><strong>spadoni</strong></span> <span class='ocrx_word' id='word_1_93' title='bbox 578 1244 805 1300; x_wconf 83' lang='lat' dir='ltr'><strong>nullum</strong></span> <span class='ocrx_word' id='word_1_94' title='bbox 831 1243 1117 1302; x_wconf 80' lang='lat' dir='ltr'><strong>honorem</strong></span> <span class='ocrx_word' id='word_1_95' title='bbox 1144 1246 1388 1301; x_wconf 85' lang='lat' dir='ltr'><strong>habuit:</strong></span> <span class='ocrx_word' id='word_1_96' title='bbox 1421 1246 1873 1319; x_wconf 79' lang='lat' dir='ltr'><strong>admonitusque</strong></span> <span class='ocrx_word' id='word_1_97' title='bbox 1904 1264 1938 1302; x_wconf 89' lang='lat' dir='ltr'><strong>a</strong></span> <span class='ocrx_word' id='word_1_98' title='bbox 1976 1248 2105 1319; x_wconf 87' lang='lat' dir='ltr'><strong>qui-</strong></span> 
     </span>
     <span class='ocr_line' id='line_1_13' title="bbox 107 1335 2103 1406; baseline 0 -13"><span class='ocrx_word' id='word_1_99' title='bbox 107 1335 409 1402; x_wconf 87' lang='lat' dir='ltr'><strong>busdam,</strong></span> <span class='ocrx_word' id='word_1_100' title='bbox 438 1350 720 1406; x_wconf 85' lang='lat' dir='ltr'><strong>perquam</strong></span> <span class='ocrx_word' id='word_1_101' title='bbox 739 1335 1073 1391; x_wconf 85' lang='lat' dir='ltr'><strong>Alexandro</strong></span> <span class='ocrx_word' id='word_1_102' title='bbox 1104 1336 1267 1389; x_wconf 90' lang='lat' dir='ltr'><strong>cordi</strong></span> <span class='ocrx_word' id='word_1_103' title='bbox 1296 1350 1454 1404; x_wconf 88' lang='lat' dir='ltr'><strong>esse,</strong></span> <span class='ocrx_word' id='word_1_104' title='bbox 1479 1337 1803 1405; x_wconf 87' lang='lat' dir='ltr'><strong>respondit,</strong></span> <span class='ocrx_word' id='word_1_105' title='bbox 1829 1358 1855 1384; x_wconf 73' lang='grc' dir='ltr'>ι</span> <span class='ocrx_word' id='word_1_106' title='bbox 1881 1339 2103 1393; x_wconf 86' lang='lat' dir='ltr'><strong>amicos</strong></span> 
     </span>
     <span class='ocr_line' id='line_1_14' title="bbox 107 1422 2103 1497; baseline -0.001 -16"><span class='ocrx_word' id='word_1_107' title='bbox 107 1423 315 1497; x_wconf 80' lang='lat' dir='ltr'><strong>regiS,</strong></span> <span class='ocrx_word' id='word_1_108' title='bbox 353 1438 474 1478; x_wconf 91' lang='lat' dir='ltr'><strong>non</strong></span> <span class='ocrx_word' id='word_1_109' title='bbox 504 1422 796 1493; x_wconf 88' lang='lat' dir='ltr'><strong>spadones</strong></span> <span class='ocrx_word' id='word_1_110' title='bbox 832 1440 900 1478; x_wconf 89' lang='lat' dir='ltr'><strong>se</strong></span> <span class='ocrx_word' id='word_1_111' title='bbox 934 1424 1144 1479; x_wconf 91' lang='lat' dir='ltr'><strong>colere.</strong></span> <span class='ocrx_word' id='word_1_112' title='bbox 1180 1447 1205 1473; x_wconf 69' lang='grc' dir='ltr'><strong>ι»</strong></span> <span class='ocrx_word' id='word_1_113' title='bbox 1240 1424 1353 1478; x_wconf 91' lang='lat' dir='ltr'><strong>His</strong></span> <span class='ocrx_word' id='word_1_114' title='bbox 1393 1424 1630 1491; x_wconf 85' lang='lat' dir='ltr'><strong>auditis,</strong></span> <span class='ocrx_word' id='word_1_115' title='bbox 1665 1425 1849 1493; x_wconf 83' lang='lat' dir='ltr'><strong>spado</strong></span> <span class='ocrx_word' id='word_1_116' title='bbox 1890 1430 2103 1493; x_wconf 87' lang='lat' dir='ltr'><strong>poten·-</strong></span> 
     </span>
     <span class='ocr_line' id='line_1_15' title="bbox 110 1510 2103 1583; baseline 0.001 -16"><span class='ocrx_word' id='word_1_117' title='bbox 110 1515 276 1569; x_wconf 84' lang='lat' dir='ltr'><strong>tiam</strong></span> <span class='ocrx_word' id='word_1_118' title='bbox 335 1511 399 1565; x_wconf 91' lang='lat' dir='ltr'><strong>in</strong></span> <span class='ocrx_word' id='word_1_119' title='bbox 447 1515 620 1581; x_wconf 91' lang='lat' dir='ltr'><strong>caput</strong></span> <span class='ocrx_word' id='word_1_120' title='bbox 671 1510 1032 1566; x_wconf 86' lang='lat' dir='ltr'><strong>nobilissimi</strong></span> <span class='ocrx_word' id='word_1_121' title='bbox 1080 1515 1136 1566; x_wconf 83' lang='lat' dir='ltr'><strong>et</strong></span> <span class='ocrx_word' id='word_1_122' title='bbox 1190 1513 1450 1567; x_wconf 84' lang='lat' dir='ltr'><strong>insontis</strong></span> <span class='ocrx_word' id='word_1_123' title='bbox 1501 1512 1784 1569; x_wconf 84' lang='lat' dir='ltr'><strong>exercuit.</strong></span> <span class='ocrx_word' id='word_1_124' title='bbox 1834 1513 2103 1583; x_wconf 89' lang='lat' dir='ltr'><strong>Namque</strong></span> 
     </span>
     <span class='ocr_line' id='line_1_16' title="bbox 107 1599 2103 1675; baseline -0.001 -18"><span class='ocrx_word' id='word_1_125' title='bbox 107 1601 338 1675; x_wconf 78' lang='lat' dir='ltr'><strong>gentis</strong></span> <span class='ocrx_word' id='word_1_126' title='bbox 367 1599 635 1671; x_wconf 81' lang='lat' dir='ltr'><strong>ejusdem</strong></span> <span class='ocrx_word' id='word_1_127' title='bbox 660 1601 1001 1655; x_wconf 87' lang='lat' dir='ltr'><strong>levissimos</strong></span> <span class='ocrx_word' id='word_1_128' title='bbox 1027 1601 1196 1655; x_wconf 87' lang='lat' dir='ltr'><strong>falsis</strong></span> <span class='ocrx_word' id='word_1_129' title='bbox 1223 1600 1573 1655; x_wconf 81' lang='lat' dir='ltr'><strong>criminibus</strong></span> <span class='ocrx_word' id='word_1_130' title='bbox 1593 1600 1958 1666; x_wconf 79' lang='lat' dir='ltr'><strong>adstruxit²⁸,</strong></span> <span class='ocrx_word' id='word_1_131' title='bbox 1979 1616 2103 1655; x_wconf 90' lang='lat' dir='ltr'><strong>mo-</strong></span> 
     </span>
     <span class='ocr_line' id='line_1_17' title="bbox 109 1689 2098 1761; baseline -0.002 -14"><span class='ocrx_word' id='word_1_132' title='bbox 109 1693 297 1747; x_wconf 90' lang='lat' dir='ltr'><strong>nitos</strong></span> <span class='ocrx_word' id='word_1_133' title='bbox 328 1690 453 1742; x_wconf 89' lang='lat' dir='ltr'><strong>tum</strong></span> <span class='ocrx_word' id='word_1_134' title='bbox 483 1689 717 1744; x_wconf 88' lang='lat' dir='ltr'><strong>demum</strong></span> <span class='ocrx_word' id='word_1_135' title='bbox 744 1706 812 1744; x_wconf 87' lang='lat' dir='ltr'><strong>ea</strong></span> <span class='ocrx_word' id='word_1_136' title='bbox 841 1689 1073 1745; x_wconf 88' lang='lat' dir='ltr'><strong>deferre</strong></span> <span class='ocrx_word' id='word_1_137' title='bbox 1091 1690 1151 1761; x_wconf 80' lang='lat'><strong>²⁹,</strong></span> <span class='ocrx_word' id='word_1_138' title='bbox 1184 1705 1317 1744; x_wconf 89' lang='lat' dir='ltr'><strong>cum</strong></span> <span class='ocrx_word' id='word_1_139' title='bbox 1347 1689 1476 1759; x_wconf 90' lang='lat' dir='ltr'><strong>ipse</strong></span> <span class='ocrx_word' id='word_1_140' title='bbox 1496 1689 1803 1760; x_wconf 79' lang='lat' dir='ltr'><strong>jussisset.</strong></span> <span class='ocrx_word' id='word_1_141' title='bbox 1835 1689 2098 1758; x_wconf 87' lang='lat' dir='ltr'><strong>Interim,</strong></span> 
     </span>
     <span class='ocr_line' id='line_1_18' title="bbox 111 1777 2098 1854; baseline 0 -21"><span class='ocrx_word' id='word_1_142' title='bbox 111 1778 418 1854; x_wconf 80' lang='lat' dir='ltr'><strong>quotiens</strong></span> <span class='ocrx_word' id='word_1_143' title='bbox 459 1777 589 1832; x_wconf 88' lang='lat' dir='ltr'><strong>sine</strong></span> <span class='ocrx_word' id='word_1_144' title='bbox 627 1778 870 1833; x_wconf 84' lang='lat' dir='ltr'><strong>arbitris</strong></span> <span class='ocrx_word' id='word_1_145' title='bbox 898 1780 1042 1847; x_wconf 83' lang='lat' dir='ltr'><strong>erat,</strong></span> <span class='ocrx_word' id='word_1_146' title='bbox 1076 1779 1349 1835; x_wconf 89' lang='lat' dir='ltr'><strong>credulas</strong></span> <span class='ocrx_word' id='word_1_147' title='bbox 1383 1779 1548 1851; x_wconf 81' lang='lat' dir='ltr'><strong>regis</strong></span> <span class='ocrx_word' id='word_1_148' title='bbox 1587 1792 1762 1832; x_wconf 88' lang='lat' dir='ltr'><strong>aures</strong></span> <span class='ocrx_word' id='word_1_149' title='bbox 1798 1778 2098 1847; x_wconf 86' lang='lat' dir='ltr'><strong>implebat,</strong></span> 
     </span>
     <span class='ocr_line' id='line_1_19' title="bbox 108 1867 2102 1940; baseline -0.003 -15"><span class='ocrx_word' id='word_1_150' title='bbox 108 1867 521 1925; x_wconf 83' lang='lat' dir='ltr'><strong>dissimulans</strong></span> <span class='ocrx_word' id='word_1_151' title='bbox 548 1883 789 1922; x_wconf 89' lang='lat' dir='ltr'><strong>causam</strong></span> <span class='ocrx_word' id='word_1_152' title='bbox 817 1867 946 1937; x_wconf 81' lang='lat' dir='ltr'><strong>irae,</strong></span> <span class='ocrx_word' id='word_1_153' title='bbox 977 1883 1091 1939; x_wconf 89' lang='lat' dir='ltr'><strong>quo</strong></span> <span class='ocrx_word' id='word_1_154' title='bbox 1119 1868 1364 1940; x_wconf 80' lang='lat' dir='ltr'><strong>gravior</strong></span> <span class='ocrx_word' id='word_1_155' title='bbox 1390 1867 1751 1921; x_wconf 86' lang='lat' dir='ltr'><strong>criminantis</strong></span> <span class='ocrx_word' id='word_1_156' title='bbox 1782 1867 2102 1921; x_wconf 88' lang='lat' dir='ltr'><strong>auctoritas</strong></span> 
     </span>
     <span class='ocr_line' id='line_1_20' title="bbox 106 1955 2096 2027; baseline -0.003 -11"><span class='ocrx_word' id='word_1_157' title='bbox 106 1959 317 2016; x_wconf 90' lang='lat' dir='ltr'><strong>esset.</strong></span> <span class='ocrx_word' id='word_1_158' title='bbox 360 1955 633 2012; x_wconf 92' lang='lat' dir='ltr'><strong>Nondum</strong></span> <span class='ocrx_word' id='word_1_159' title='bbox 678 1959 996 2027; x_wconf 88' lang='lat' dir='ltr'><strong>suspectus</strong></span> <span class='ocrx_word' id='word_1_160' title='bbox 1035 1960 1162 2014; x_wconf 89' lang='lat' dir='ltr'><strong>erat</strong></span> <span class='ocrx_word' id='word_1_161' title='bbox 1201 1956 1466 2025; x_wconf 85' lang='lat' dir='ltr'><strong>Orsines,</strong></span> <span class='ocrx_word' id='word_1_162' title='bbox 1505 1956 1630 2027; x_wconf 84' lang='lat' dir='ltr'><strong>jam</strong></span> <span class='ocrx_word' id='word_1_163' title='bbox 1669 1959 1858 2011; x_wconf 89' lang='lat' dir='ltr'><strong>tamen</strong></span> <span class='ocrx_word' id='word_1_164' title='bbox 1899 1955 2096 2011; x_wconf 82' lang='lat' dir='ltr'><strong>vilior.</strong></span> 
     </span>
     <span class='ocr_line' id='line_1_21' title="bbox 112 2045 2099 2118; baseline -0.002 -14"><span class='ocrx_word' id='word_1_165' title='bbox 112 2051 298 2104; x_wconf 90' lang='lat' dir='ltr'><strong>Reus</strong></span> <span class='ocrx_word' id='word_1_166' title='bbox 337 2045 495 2101; x_wconf 89' lang='lat' dir='ltr'><strong>enim</strong></span> <span class='ocrx_word' id='word_1_167' title='bbox 521 2046 583 2100; x_wconf 91' lang='lat' dir='ltr'><strong>in</strong></span> <span class='ocrx_word' id='word_1_168' title='bbox 613 2049 841 2102; x_wconf 88' lang='lat' dir='ltr'><strong>secreto</strong></span> <span class='ocrx_word' id='word_1_169' title='bbox 880 2046 1184 2118; x_wconf 85' lang='lat' dir='ltr'><strong>agebatur,</strong></span> <span class='ocrx_word' id='word_1_170' title='bbox 1216 2047 1453 2101; x_wconf 89' lang='lat' dir='ltr'><strong>latentis</strong></span> <span class='ocrx_word' id='word_1_171' title='bbox 1472 2045 1718 2117; x_wconf 89' lang='lat' dir='ltr'><strong>periculi</strong></span> <span class='ocrx_word' id='word_1_172' title='bbox 1744 2045 2010 2118; x_wconf 76' lang='lat' dir='ltr'><strong>ignarae,</strong></span> <span class='ocrx_word' id='word_1_173' title='bbox 2042 2050 2099 2101; x_wconf 92' lang='lat' dir='ltr'><strong>et</strong></span> 
     </span>
     <span class='ocr_line' id='line_1_22' title="bbox 115 2133 2096 2206; baseline -0.003 -15"><span class='ocrx_word' id='word_1_174' title='bbox 115 2134 685 2206; x_wconf 84' lang='lat' dir='ltr'><strong>importunissimus</strong></span> <span class='ocrx_word' id='word_1_175' title='bbox 712 2134 949 2206; x_wconf 81' lang='lat' dir='ltr'><strong>Bagoas</strong></span> <span class='ocrx_word' id='word_1_176' title='bbox 976 2134 1234 2189; x_wconf 90' lang='lat' dir='ltr'><strong>Orsinen</strong></span> <span class='ocrx_word' id='word_1_177' title='bbox 1260 2135 1432 2189; x_wconf 89' lang='lat' dir='ltr'><strong>modo</strong></span> <span class='ocrx_word' id='word_1_178' title='bbox 1476 2134 1763 2205; x_wconf 83' lang='lat' dir='ltr'><strong>avaritiae,</strong></span> <span class='ocrx_word' id='word_1_179' title='bbox 1803 2133 2096 2189; x_wconf 82' lang='lat' dir='ltr'><strong>interdum</strong></span> 
     </span>
     <span class='ocr_line' id='line_1_23' title="bbox 108 2221 1054 2294; baseline -0.004 -12"><span class='ocrx_word' id='word_1_180' title='bbox 108 2226 307 2282; x_wconf 83' lang='lat' dir='ltr'><strong>etiam</strong></span> <span class='ocrx_word' id='word_1_181' title='bbox 339 2221 712 2287; x_wconf 81' lang='lat' dir='ltr'><strong>defectioniS,</strong></span> <span class='ocrx_word' id='word_1_182' title='bbox 745 2223 1054 2294; x_wconf 80' lang='lat' dir='ltr'><strong>arguebat.</strong></span> 
     </span>
    </p>
   </div>
   <div class='ocr_carea' id='block_1_3' title="bbox 2161 359 2230 413">
    <p class='ocr_par' dir='ltr' id='par_1_3' title="bbox 2161 359 2230 413">
     <span class='ocr_line' id='line_1_24' title="bbox 2161 359 2230 413; baseline 0.014 -1"><span class='ocrx_word' id='word_1_183' title='bbox 2161 359 2230 413; x_wconf 87' lang='grc'><strong>23</strong></span> 
     </span>
    </p>
   </div>
   <div class='ocr_carea' id='block_1_4' title="bbox 2161 535 2232 590">
    <p class='ocr_par' dir='ltr' id='par_1_4' title="bbox 2161 535 2232 590">
     <span class='ocr_line' id='line_1_25' title="bbox 2161 535 2232 590; baseline 0.014 -1"><span class='ocrx_word' id='word_1_184' title='bbox 2161 535 2232 590; x_wconf 83' lang='grc'><strong>24</strong></span> 
     </span>
    </p>
   </div>
   <div class='ocr_carea' id='block_1_5' title="bbox 2157 977 2227 1032">
    <p class='ocr_par' dir='ltr' id='par_1_5' title="bbox 2157 977 2227 1032">
     <span class='ocr_line' id='line_1_26' title="bbox 2157 977 2227 1032; baseline -0.029 0"><span class='ocrx_word' id='word_1_185' title='bbox 2157 977 2227 1032; x_wconf 87' lang='grc'><strong>25</strong></span> 
     </span>
    </p>
   </div>
   <div class='ocr_carea' id='block_1_6' title="bbox 2158 1244 2228 1301">
    <p class='ocr_par' dir='ltr' id='par_1_6' title="bbox 2158 1244 2228 1301">
     <span class='ocr_line' id='line_1_27' title="bbox 2158 1244 2228 1301; baseline 0.029 -2"><span class='ocrx_word' id='word_1_186' title='bbox 2158 1244 2228 1301; x_wconf 85' lang='grc'><strong>26</strong></span> 
     </span>
    </p>
   </div>
   <div class='ocr_carea' id='block_1_7' title="bbox 2157 1424 2226 1478">
    <p class='ocr_par' dir='ltr' id='par_1_7' title="bbox 2157 1424 2226 1478">
     <span class='ocr_line' id='line_1_28' title="bbox 2157 1424 2226 1478; baseline 0.014 -1"><span class='ocrx_word' id='word_1_187' title='bbox 2157 1424 2226 1478; x_wconf 77' lang='grc'><strong>27</strong></span> 
     </span>
    </p>
   </div>
   <div class='ocr_carea' id='block_1_8' title="bbox 2157 1689 2226 1742">
    <p class='ocr_par' dir='ltr' id='par_1_8' title="bbox 2157 1689 2226 1742">
     <span class='ocr_line' id='line_1_29' title="bbox 2157 1689 2226 1742; baseline -0.014 0"><span class='ocrx_word' id='word_1_188' title='bbox 2157 1689 2226 1742; x_wconf 88' lang='grc'><strong>28</strong></span> 
     </span>
    </p>
   </div>
   <div class='ocr_carea' id='block_1_9' title="bbox 2155 1953 2224 2008">
    <p class='ocr_par' dir='ltr' id='par_1_9' title="bbox 2155 1953 2224 2008">
     <span class='ocr_line' id='line_1_30' title="bbox 2155 1953 2224 2008; baseline 0 0"><span class='ocrx_word' id='word_1_189' title='bbox 2155 1953 2224 2008; x_wconf 85' lang='grc'><strong>29</strong></span> 
     </span>
    </p>
   </div>
   <div class='ocr_carea' id='block_1_10' title="bbox 188 2309 2220 2383">
    <p class='ocr_par' dir='ltr' id='par_1_10' title="bbox 188 2309 2220 2383">
     <span class='ocr_line' id='line_1_31' title="bbox 188 2309 2220 2383; baseline -0.001 -16"><span class='ocrx_word' id='word_1_190' title='bbox 188 2312 336 2368; x_wconf 80' lang='lat' dir='ltr'><strong>Jam</strong></span> <span class='ocrx_word' id='word_1_191' title='bbox 369 2315 596 2366; x_wconf 88' lang='lat' dir='ltr'><strong>matura</strong></span> <span class='ocrx_word' id='word_1_192' title='bbox 639 2315 806 2366; x_wconf 82' lang='lat' dir='ltr'><strong>erant</strong></span> <span class='ocrx_word' id='word_1_193' title='bbox 843 2313 902 2366; x_wconf 90' lang='lat' dir='ltr'><strong>in</strong></span> <span class='ocrx_word' id='word_1_194' title='bbox 944 2313 1269 2383; x_wconf 90' lang='lat' dir='ltr'><strong>perniciem</strong></span> <span class='ocrx_word' id='word_1_195' title='bbox 1307 2313 1645 2368; x_wconf 86' lang='lat' dir='ltr'><strong>innocentis</strong></span> <span class='ocrx_word' id='word_1_196' title='bbox 1683 2311 2007 2378; x_wconf 89' lang='lat' dir='ltr'><strong>mendacia,</strong></span> <span class='ocrx_word' id='word_1_197' title='bbox 2042 2314 2100 2366; x_wconf 87' lang='lat' dir='ltr'><strong>et</strong></span> <span class='ocrx_word' id='word_1_198' title='bbox 2150 2309 2220 2365; x_wconf 80' lang='lat'><strong>30</strong></span> 
     </span>
    </p>
   </div>
   <div class='ocr_carea' id='block_1_11' title="bbox 109 2400 2095 2562">
    <p class='ocr_par' dir='ltr' id='par_1_11' title="bbox 109 2400 2095 2562">
     <span class='ocr_line' id='line_1_32' title="bbox 111 2400 2095 2474; baseline -0.003 -16"><span class='ocrx_word' id='word_1_199' title='bbox 111 2403 335 2470; x_wconf 83' lang='lat' dir='ltr'><strong>fatum,</strong></span> <span class='ocrx_word' id='word_1_200' title='bbox 380 2402 553 2473; x_wconf 80' lang='lat' dir='ltr'><strong>cujus</strong></span> <span class='ocrx_word' id='word_1_201' title='bbox 596 2400 963 2457; x_wconf 87' lang='lat' dir='ltr'><strong>inevitabilis</strong></span> <span class='ocrx_word' id='word_1_202' title='bbox 1008 2417 1144 2457; x_wconf 91' lang='lat' dir='ltr'><strong>sors</strong></span> <span class='ocrx_word' id='word_1_203' title='bbox 1188 2405 1297 2472; x_wconf 87' lang='lat' dir='ltr'><strong>est,</strong></span> <span class='ocrx_word' id='word_1_204' title='bbox 1345 2402 1669 2474; x_wconf 84' lang='lat' dir='ltr'><strong>appetebat.</strong></span> <span class='ocrx_word' id='word_1_205' title='bbox 1714 2402 1891 2456; x_wconf 87' lang='lat' dir='ltr'><strong>Forte</strong></span> <span class='ocrx_word' id='word_1_206' title='bbox 1939 2401 2095 2455; x_wconf 89' lang='lat' dir='ltr'><strong>enim</strong></span> 
     </span>
     <span class='ocr_line' id='line_1_33' title="bbox 109 2488 2094 2562; baseline -0.003 -15"><span class='ocrx_word' id='word_1_207' title='bbox 109 2490 474 2562; x_wconf 87' lang='lat' dir='ltr'><strong>sepulcrum</strong></span> <span class='ocrx_word' id='word_1_208' title='bbox 522 2488 662 2560; x_wconf 77' lang='lat' dir='ltr'><strong>Cyri</strong></span> <span class='ocrx_word' id='word_1_209' title='bbox 686 2489 729 2517; x_wconf 83' lang='lat'><strong>⁸⁰</strong></span> <span class='ocrx_word' id='word_1_210' title='bbox 773 2488 1110 2545; x_wconf 82' lang='lat' dir='ltr'><strong>Alexander</strong></span> <span class='ocrx_word' id='word_1_211' title='bbox 1154 2490 1338 2561; x_wconf 81' lang='lat' dir='ltr'><strong>jussit</strong></span> <span class='ocrx_word' id='word_1_212' title='bbox 1392 2491 1643 2561; x_wconf 88' lang='lat' dir='ltr'><strong>aperiri,</strong></span> <span class='ocrx_word' id='word_1_213' title='bbox 1689 2492 1754 2543; x_wconf 91' lang='lat' dir='ltr'><strong>in</strong></span> <span class='ocrx_word' id='word_1_214' title='bbox 1808 2506 1920 2560; x_wconf 91' lang='lat' dir='ltr'><strong>quo</strong></span> <span class='ocrx_word' id='word_1_215' title='bbox 1971 2492 2094 2543; x_wconf 85' lang='lat' dir='ltr'><strong>erat</strong></span> 
     </span>
    </p>
   </div>
   <div class='ocr_carea' id='block_1_12' title="bbox 110 2576 2211 2651">
    <p class='ocr_par' dir='ltr' id='par_1_12' title="bbox 110 2576 2211 2651">
     <span class='ocr_line' id='line_1_34' title="bbox 110 2576 2211 2651; baseline -0.003 -14"><span class='ocrx_word' id='word_1_216' title='bbox 110 2579 430 2637; x_wconf 88' lang='lat' dir='ltr'><strong>conditum</strong></span> <span class='ocrx_word' id='word_1_217' title='bbox 476 2578 607 2651; x_wconf 83' lang='lat' dir='ltr'><strong>ejus</strong></span> <span class='ocrx_word' id='word_1_218' title='bbox 654 2593 891 2651; x_wconf 77' lang='lat' dir='ltr'><strong>corpuS,</strong></span> <span class='ocrx_word' id='word_1_219' title='bbox 939 2580 1033 2632; x_wconf 91' lang='lat' dir='ltr'><strong>cui</strong></span> <span class='ocrx_word' id='word_1_220' title='bbox 1080 2580 1221 2635; x_wconf 89' lang='lat' dir='ltr'><strong>dare</strong></span> <span class='ocrx_word' id='word_1_221' title='bbox 1268 2579 1504 2635; x_wconf 80' lang='lat' dir='ltr'><strong>volebat</strong></span> <span class='ocrx_word' id='word_1_222' title='bbox 1550 2579 1797 2635; x_wconf 86' lang='lat' dir='ltr'><strong>inferias</strong></span> <span class='ocrx_word' id='word_1_223' title='bbox 1825 2579 1884 2631; x_wconf 82' lang='lat'><strong>⁸¹.</strong></span> <span class='ocrx_word' id='word_1_224' title='bbox 1931 2576 2089 2632; x_wconf 89' lang='lat' dir='ltr'><strong>Auro</strong></span> <span class='ocrx_word' id='word_1_225' title='bbox 2145 2576 2211 2641; x_wconf 80' lang='grc'><strong>31</strong></span> 
     </span>
    </p>
   </div>
   <div class='ocr_carea' id='block_1_13' title="bbox 102 2781 2089 3638">
    <p class='ocr_par' dir='ltr' id='par_1_13' title="bbox 161 2781 1474 2836">
     <span class='ocr_line' id='line_1_35' title="bbox 161 2781 1474 2836; baseline -0.002 -8"><span class='ocrx_word' id='word_1_226' title='bbox 161 2790 244 2829; x_wconf 75' lang='lat'><strong>27.</strong></span> <span class='ocrx_word' id='word_1_227' title='bbox 280 2781 519 2825; x_wconf 74' lang='lat' dir='ltr'><strong>Talentum.</strong></span> <span class='ocrx_word' id='word_1_228' title='bbox 550 2782 634 2832; x_wconf 71' lang='lat' dir='ltr'><strong>Cf„</strong></span> <span class='ocrx_word' id='word_1_229' title='bbox 664 2792 745 2825; x_wconf 89' lang='lat' dir='ltr'><strong>sur</strong></span> <span class='ocrx_word' id='word_1_230' title='bbox 772 2791 828 2825; x_wconf 90' lang='lat' dir='ltr'><strong>ce</strong></span> <span class='ocrx_word' id='word_1_231' title='bbox 854 2781 1031 2836; x_wconf 59' lang='lat' dir='ltr'><strong>gknitiss</strong></span> <span class='ocrx_word' id='word_1_232' title='bbox 1057 2784 1128 2832; x_wconf 83' lang='lat'><strong>111,</strong></span> <span class='ocrx_word' id='word_1_233' title='bbox 1159 2793 1259 2835; x_wconf 82' lang='lat' dir='ltr'><strong>xm,</strong></span> <span class='ocrx_word' id='word_1_234' title='bbox 1276 2789 1384 2825; x_wconf 83' lang='lat' dir='ltr'><strong>note</strong></span> <span class='ocrx_word' id='word_1_235' title='bbox 1409 2786 1474 2828; x_wconf 79' lang='lat'><strong>13.</strong></span> 
     </span>
    </p>

    <p class='ocr_par' dir='ltr' id='par_1_14' title="bbox 106 2843 2089 2946">
     <span class='ocr_line' id='line_1_36' title="bbox 161 2843 2089 2899; baseline 0 -11"><span class='ocrx_word' id='word_1_236' title='bbox 161 2851 241 2893; x_wconf 77' lang='lat'><strong>28.</strong></span> <span class='ocrx_word' id='word_1_237' title='bbox 274 2843 431 2888; x_wconf 70' lang='lat' dir='ltr'><strong>Falsis</strong></span> <span class='ocrx_word' id='word_1_238' title='bbox 456 2844 717 2887; x_wconf 71' lang='lat' dir='ltr'><strong>criminibus</strong></span> <span class='ocrx_word' id='word_1_239' title='bbox 742 2843 966 2887; x_wconf 67' lang='lat' dir='ltr'><strong>aden-avit</strong></span> <span class='ocrx_word' id='word_1_240' title='bbox 1006 2844 1126 2887; x_wconf 85' lang='lat' dir='ltr'><strong>n&#39;est</strong></span> <span class='ocrx_word' id='word_1_241' title='bbox 1153 2855 1237 2898; x_wconf 80' lang='lat' dir='ltr'><strong>pas</strong></span> <span class='ocrx_word' id='word_1_242' title='bbox 1269 2856 1361 2887; x_wconf 88' lang='lat' dir='ltr'><strong>une</strong></span> <span class='ocrx_word' id='word_1_243' title='bbox 1388 2846 1588 2890; x_wconf 88' lang='lat' dir='ltr'><strong>locution</strong></span> <span class='ocrx_word' id='word_1_244' title='bbox 1636 2847 1694 2890; x_wconf 89' lang='lat' dir='ltr'><strong>de</strong></span> <span class='ocrx_word' id='word_1_245' title='bbox 1723 2847 1767 2890; x_wconf 82' lang='lat' dir='ltr'><strong>la</strong></span> <span class='ocrx_word' id='word_1_246' title='bbox 1802 2856 1936 2899; x_wconf 84' lang='lat' dir='ltr'><strong>prose</strong></span> <span class='ocrx_word' id='word_1_247' title='bbox 1967 2846 2089 2888; x_wconf 83' lang='lat' dir='ltr'><strong>clas-</strong></span> 
     </span>
     <span class='ocr_line' id='line_1_37' title="bbox 106 2905 280 2946; baseline -0.011 -1"><span class='ocrx_word' id='word_1_248' title='bbox 106 2905 149 2946; x_wconf 85' lang='lat' dir='ltr'><strong>si</strong></span> <span class='ocrx_word' id='word_1_249' title='bbox 187 2910 280 2944; x_wconf 88' lang='lat' dir='ltr'><strong>ue.</strong></span> 
     </span>
    </p>

    <p class='ocr_par' dir='ltr' id='par_1_15' title="bbox 102 2915 2088 3141">
     <span class='ocr_line' id='line_1_38' title="bbox 152 2915 2087 3015; baseline -0.001 -8"><span class='ocrx_word' id='word_1_250' title='bbox 152 2915 238 3007; x_wconf 57' lang='lat'><strong>(³29.</strong></span> <span class='ocrx_word' id='word_1_251' title='bbox 275 2959 460 3003; x_wconf 72' lang='lat' dir='ltr'><strong>Monitos</strong></span> <span class='ocrx_word' id='word_1_252' title='bbox 501 2959 694 3014; x_wconf 78' lang='lat' dir='ltr'><strong>deferre.</strong></span> <span class='ocrx_word' id='word_1_253' title='bbox 738 2959 928 3009; x_wconf 81' lang='lat' dir='ltr'><strong>Monere,</strong></span> <span class='ocrx_word' id='word_1_254' title='bbox 963 2970 1080 3003; x_wconf 88' lang='lat' dir='ltr'><strong>avec</strong></span> <span class='ocrx_word' id='word_1_255' title='bbox 1106 2958 1341 3011; x_wconf 83' lang='lat' dir='ltr'><strong>l&#39;inflnitif,</strong></span> <span class='ocrx_word' id='word_1_256' title='bbox 1380 2965 1453 3004; x_wconf 88' lang='lat' dir='ltr'><strong>est</strong></span> <span class='ocrx_word' id='word_1_257' title='bbox 1479 2962 1625 3005; x_wconf 86' lang='lat' dir='ltr'><strong>moins</strong></span> <span class='ocrx_word' id='word_1_258' title='bbox 1654 2960 1870 3015; x_wconf 81' lang='lat' dir='ltr'><strong>frequent</strong></span> <span class='ocrx_word' id='word_1_259' title='bbox 1897 2962 2087 3015; x_wconf 82' lang='lat' dir='ltr'><strong>qu&#39;avec</strong></span> 
     </span>
     <span class='ocr_line' id='line_1_39' title="bbox 105 3020 2088 3079; baseline -0.002 -9"><span class='ocrx_word' id='word_1_260' title='bbox 105 3031 177 3079; x_wconf 76' lang='lat' dir='ltr'><strong>ut,</strong></span> <span class='ocrx_word' id='word_1_261' title='bbox 209 3022 337 3067; x_wconf 88' lang='lat' dir='ltr'><strong>mais</strong></span> <span class='ocrx_word' id='word_1_262' title='bbox 365 3026 437 3066; x_wconf 86' lang='lat' dir='ltr'><strong>est</strong></span> <span class='ocrx_word' id='word_1_263' title='bbox 464 3021 556 3065; x_wconf 83' lang='lat' dir='ltr'><strong>fort</strong></span> <span class='ocrx_word' id='word_1_264' title='bbox 581 3020 832 3075; x_wconf 86' lang='lat' dir='ltr'><strong>classique.</strong></span> <span class='ocrx_word' id='word_1_265' title='bbox 866 3021 999 3073; x_wconf 77' lang='lat' dir='ltr'><strong>Quum</strong></span> <span class='ocrx_word' id='word_1_266' title='bbox 1018 3021 1109 3066; x_wconf 79' lang='lat' dir='ltr'><strong>vica</strong></span> <span class='ocrx_word' id='word_1_267' title='bbox 1129 3022 1231 3065; x_wconf 73' lang='lat' dir='ltr'><strong>sine</strong></span> <span class='ocrx_word' id='word_1_268' title='bbox 1249 3022 1411 3066; x_wconf 72' lang='lat' dir='ltr'><strong>amicis</strong></span> <span class='ocrx_word' id='word_1_269' title='bbox 1429 3023 1694 3066; x_wconf 75' lang='lat' dir='ltr'><strong>insidiarum</strong></span> <span class='ocrx_word' id='word_1_270' title='bbox 1721 3027 1764 3067; x_wconf 77' lang='lat' dir='ltr'><strong>et</strong></span> <span class='ocrx_word' id='word_1_271' title='bbox 1790 3027 1928 3067; x_wconf 74' lang='lat' dir='ltr'><strong>metus</strong></span> <span class='ocrx_word' id='word_1_272' title='bbox 1948 3023 2088 3077; x_wconf 76' lang='lat' dir='ltr'><strong>plena</strong></span> 
     </span>
     <span class='ocr_line' id='line_1_40' title="bbox 102 3083 1629 3141; baseline -0.005 -8"><span class='ocrx_word' id='word_1_273' title='bbox 102 3091 190 3138; x_wconf 76' lang='lat' dir='ltr'><strong>sit,</strong></span> <span class='ocrx_word' id='word_1_274' title='bbox 225 3085 353 3130; x_wconf 77' lang='lat' dir='ltr'><strong>ratio</strong></span> <span class='ocrx_word' id='word_1_275' title='bbox 379 3085 479 3139; x_wconf 71' lang='lat' dir='ltr'><strong>ipsa</strong></span> <span class='ocrx_word' id='word_1_276' title='bbox 505 3087 647 3128; x_wconf 77' lang='lat' dir='ltr'><strong>mouet</strong></span> <span class='ocrx_word' id='word_1_277' title='bbox 673 3083 903 3127; x_wconf 75' lang='lat' dir='ltr'><strong>amicitias</strong></span> <span class='ocrx_word' id='word_1_278' title='bbox 927 3095 1179 3138; x_wconf 80' lang='lat' dir='ltr'><strong>comparare</strong></span> <span class='ocrx_word' id='word_1_279' title='bbox 1197 3085 1330 3138; x_wconf 89' lang='lat' dir='ltr'><strong>(Cic.‚</strong></span> <span class='ocrx_word' id='word_1_280' title='bbox 1349 3085 1469 3139; x_wconf 59' lang='lat' dir='ltr'><strong>fin„</strong></span> <span class='ocrx_word' id='word_1_281' title='bbox 1497 3089 1531 3141; x_wconf 88' lang='lat'><strong>1,</strong></span> <span class='ocrx_word' id='word_1_282' title='bbox 1544 3087 1629 3140; x_wconf 71' lang='grc' dir='ltr'><strong>ΞΟ).</strong></span> 
     </span>
    </p>

    <p class='ocr_par' dir='ltr' id='par_1_16' title="bbox 102 3146 2086 3514">
     <span class='ocr_line' id='line_1_41' title="bbox 164 3146 2086 3204; baseline 0 -11"><span class='ocrx_word' id='word_1_283' title='bbox 164 3152 239 3196; x_wconf 83' lang='grc'><strong>30.</strong></span> <span class='ocrx_word' id='word_1_284' title='bbox 274 3146 413 3202; x_wconf 71' lang='lat' dir='ltr'><strong>Cyrus</strong></span> <span class='ocrx_word' id='word_1_285' title='bbox 440 3146 653 3199; x_wconf 72' lang='grc' dir='ltr'><strong>ΡΑιιοίεπ,</strong></span> <span class='ocrx_word' id='word_1_286' title='bbox 687 3146 762 3189; x_wconf 84' lang='lat' dir='ltr'><strong>fils</strong></span> <span class='ocrx_word' id='word_1_287' title='bbox 797 3147 855 3190; x_wconf 88' lang='lat' dir='ltr'><strong>de</strong></span> <span class='ocrx_word' id='word_1_288' title='bbox 884 3147 1106 3201; x_wconf 78' lang='lat' dir='ltr'><strong>cambyse</strong></span> <span class='ocrx_word' id='word_1_289' title='bbox 1139 3150 1186 3190; x_wconf 87' lang='lat' dir='ltr'><strong>et</strong></span> <span class='ocrx_word' id='word_1_290' title='bbox 1224 3148 1282 3189; x_wconf 89' lang='lat' dir='ltr'><strong>de</strong></span> <span class='ocrx_word' id='word_1_291' title='bbox 1310 3148 1546 3199; x_wconf 77' lang='lat' dir='ltr'><strong>Mandane,</strong></span> <span class='ocrx_word' id='word_1_292' title='bbox 1577 3147 1794 3203; x_wconf 82' lang='lat' dir='ltr'><strong>petit-ills</strong></span> <span class='ocrx_word' id='word_1_293' title='bbox 1832 3148 2086 3204; x_wconf 79' lang='lat' dir='ltr'><strong>d&#39;Astyage,</strong></span> 
     </span>
     <span class='ocr_line' id='line_1_42' title="bbox 105 3207 2085 3268; baseline -0.002 -11"><span class='ocrx_word' id='word_1_294' title='bbox 105 3211 202 3268; x_wconf 77' lang='lat' dir='ltr'><strong>(Gr.</strong></span> <span class='ocrx_word' id='word_1_295' title='bbox 235 3207 485 3262; x_wconf 78' lang='lat' dir='ltr'><strong>Herodoto,</strong></span> <span class='ocrx_word' id='word_1_296' title='bbox 506 3212 540 3263; x_wconf 88' lang='lat'><strong>1,</strong></span> <span class='ocrx_word' id='word_1_297' title='bbox 572 3212 627 3254; x_wconf 72' lang='lat'><strong>&#39;15</strong></span> <span class='ocrx_word' id='word_1_298' title='bbox 645 3214 693 3253; x_wconf 86' lang='lat' dir='ltr'><strong>et</strong></span> <span class='ocrx_word' id='word_1_299' title='bbox 713 3207 854 3263; x_wconf 79' lang='lat' dir='ltr'><strong>suiv.)</strong></span> <span class='ocrx_word' id='word_1_300' title='bbox 882 3208 933 3253; x_wconf 84' lang='lat' dir='ltr'><strong>fit</strong></span> <span class='ocrx_word' id='word_1_301' title='bbox 965 3220 1125 3264; x_wconf 82' lang='lat' dir='ltr'><strong>passer</strong></span> <span class='ocrx_word' id='word_1_302' title='bbox 1155 3208 1364 3263; x_wconf 87' lang='lat' dir='ltr'><strong>l’empire</strong></span> <span class='ocrx_word' id='word_1_303' title='bbox 1396 3210 1480 3253; x_wconf 87' lang='lat' dir='ltr'><strong>des</strong></span> <span class='ocrx_word' id='word_1_304' title='bbox 1510 3213 1656 3253; x_wconf 86' lang='lat' dir='ltr'><strong>mains</strong></span> <span class='ocrx_word' id='word_1_305' title='bbox 1681 3210 1764 3254; x_wconf 87' lang='lat' dir='ltr'><strong>des</strong></span> <span class='ocrx_word' id='word_1_306' title='bbox 1791 3210 1944 3254; x_wconf 77' lang='lat' dir='ltr'><strong>Medes</strong></span> <span class='ocrx_word' id='word_1_307' title='bbox 1970 3213 2085 3255; x_wconf 88' lang='lat' dir='ltr'><strong>dans</strong></span> 
     </span>
     <span class='ocr_line' id='line_1_43' title="bbox 105 3271 2086 3327; baseline -0.001 -8"><span class='ocrx_word' id='word_1_308' title='bbox 105 3275 187 3319; x_wconf 89' lang='lat' dir='ltr'><strong>les</strong></span> <span class='ocrx_word' id='word_1_309' title='bbox 213 3275 369 3315; x_wconf 85' lang='lat' dir='ltr'><strong>mains</strong></span> <span class='ocrx_word' id='word_1_310' title='bbox 408 3271 491 3315; x_wconf 86' lang='lat' dir='ltr'><strong>des</strong></span> <span class='ocrx_word' id='word_1_311' title='bbox 528 3275 705 3324; x_wconf 85' lang='lat' dir='ltr'><strong>Perses,</strong></span> <span class='ocrx_word' id='word_1_312' title='bbox 733 3281 956 3314; x_wconf 84' lang='lat' dir='ltr'><strong>renversa</strong></span> <span class='ocrx_word' id='word_1_313' title='bbox 983 3271 1191 3323; x_wconf 87' lang='lat' dir='ltr'><strong>l&#39;empire</strong></span> <span class='ocrx_word' id='word_1_314' title='bbox 1232 3271 1387 3323; x_wconf 86' lang='lat' dir='ltr'><strong>lydien</strong></span> <span class='ocrx_word' id='word_1_315' title='bbox 1437 3273 1493 3315; x_wconf 84' lang='lat' dir='ltr'><strong>de</strong></span> <span class='ocrx_word' id='word_1_316' title='bbox 1541 3273 1726 3326; x_wconf 82' lang='lat' dir='ltr'><strong>cresus,</strong></span> <span class='ocrx_word' id='word_1_317' title='bbox 1778 3274 2002 3327; x_wconf 83' lang='lat' dir='ltr'><strong>s‘empara</strong></span> <span class='ocrx_word' id='word_1_318' title='bbox 2029 3274 2086 3317; x_wconf 85' lang='lat' dir='ltr'><strong>de</strong></span> 
     </span>
     <span class='ocr_line' id='line_1_44' title="bbox 103 3332 2084 3389; baseline -0.002 -9"><span class='ocrx_word' id='word_1_319' title='bbox 103 3333 362 3389; x_wconf 77' lang='lat' dir='ltr'><strong>Babylone,</strong></span> <span class='ocrx_word' id='word_1_320' title='bbox 382 3338 433 3377; x_wconf 86' lang='lat' dir='ltr'><strong>et</strong></span> <span class='ocrx_word' id='word_1_321' title='bbox 452 3332 571 3388; x_wconf 69' lang='lat' dir='ltr'><strong>perit</strong></span> <span class='ocrx_word' id='word_1_322' title='bbox 597 3333 713 3377; x_wconf 85' lang='lat' dir='ltr'><strong>dans</strong></span> <span class='ocrx_word' id='word_1_323' title='bbox 741 3343 832 3376; x_wconf 89' lang='lat' dir='ltr'><strong>une</strong></span> <span class='ocrx_word' id='word_1_324' title='bbox 855 3332 1122 3386; x_wconf 82' lang='lat' dir='ltr'><strong>expedition</strong></span> <span class='ocrx_word' id='word_1_325' title='bbox 1149 3338 1311 3376; x_wconf 83' lang='lat' dir='ltr'><strong>contre</strong></span> <span class='ocrx_word' id='word_1_326' title='bbox 1332 3335 1402 3376; x_wconf 90' lang='lat' dir='ltr'><strong>les</strong></span> <span class='ocrx_word' id='word_1_327' title='bbox 1422 3334 1707 3388; x_wconf 79' lang='lat' dir='ltr'><strong>Massagetes</strong></span> <span class='ocrx_word' id='word_1_328' title='bbox 1727 3335 1823 3389; x_wconf 69' lang='lat'>(529</span> <span class='ocrx_word' id='word_1_329' title='bbox 1845 3346 1915 3378; x_wconf 87' lang='lat' dir='ltr'><strong>av.</strong></span> <span class='ocrx_word' id='word_1_330' title='bbox 1937 3337 2084 3388; x_wconf 84' lang='lat' dir='ltr'><strong>J.-C.).</strong></span> 
     </span>
     <span class='ocr_line' id='line_1_45' title="bbox 102 3394 2086 3450; baseline 0.001 -13"><span class='ocrx_word' id='word_1_331' title='bbox 102 3413 135 3438; x_wconf 72' lang='lat' dir='ltr'><strong>&lt;c</strong></span> <span class='ocrx_word' id='word_1_332' title='bbox 164 3394 360 3449; x_wconf 73' lang='lat' dir='ltr'><strong>D&#39;apres</strong></span> <span class='ocrx_word' id='word_1_333' title='bbox 389 3394 436 3437; x_wconf 81' lang='lat' dir='ltr'><strong>la</strong></span> <span class='ocrx_word' id='word_1_334' title='bbox 461 3396 648 3449; x_wconf 83' lang='lat' dir='ltr'><strong>plupart</strong></span> <span class='ocrx_word' id='word_1_335' title='bbox 676 3395 758 3439; x_wconf 84' lang='lat' dir='ltr'><strong>des</strong></span> <span class='ocrx_word' id='word_1_336' title='bbox 795 3395 1142 3450; x_wconf 77' lang='lat' dir='ltr'><strong>archeologues,</strong></span> <span class='ocrx_word' id='word_1_337' title='bbox 1171 3394 1216 3438; x_wconf 91' lang='lat' dir='ltr'><strong>le</strong></span> <span class='ocrx_word' id='word_1_338' title='bbox 1245 3394 1464 3439; x_wconf 84' lang='lat' dir='ltr'><strong>tombeau</strong></span> <span class='ocrx_word' id='word_1_339' title='bbox 1495 3396 1552 3440; x_wconf 84' lang='lat' dir='ltr'><strong>de</strong></span> <span class='ocrx_word' id='word_1_340' title='bbox 1579 3399 1722 3450; x_wconf 74' lang='lat' dir='ltr'><strong>cyrus</strong></span> <span class='ocrx_word' id='word_1_341' title='bbox 1756 3408 1806 3440; x_wconf 89' lang='lat' dir='ltr'><strong>se</strong></span> <span class='ocrx_word' id='word_1_342' title='bbox 1834 3397 2086 3440; x_wconf 78' lang='lat' dir='ltr'><strong>trouverait.</strong></span> 
     </span>
     <span class='ocr_line' id='line_1_46' title="bbox 106 3455 2085 3514; baseline -0.002 -11"><span class='ocrx_word' id='word_1_343' title='bbox 106 3461 137 3503; x_wconf 72' lang='lat' dir='ltr'><strong>a</strong></span> <span class='ocrx_word' id='word_1_344' title='bbox 184 3468 284 3502; x_wconf 90' lang='lat' dir='ltr'><strong>une</strong></span> <span class='ocrx_word' id='word_1_345' title='bbox 326 3455 618 3501; x_wconf 85' lang='lat' dir='ltr'><strong>soixantaine</strong></span> <span class='ocrx_word' id='word_1_346' title='bbox 645 3456 704 3501; x_wconf 84' lang='lat' dir='ltr'><strong>de</strong></span> <span class='ocrx_word' id='word_1_347' title='bbox 734 3456 1008 3501; x_wconf 76' lang='lat' dir='ltr'><strong>kilometres</strong></span> <span class='ocrx_word' id='word_1_348' title='bbox 1047 3468 1107 3500; x_wconf 86' lang='lat' dir='ltr'><strong>au</strong></span> <span class='ocrx_word' id='word_1_349' title='bbox 1137 3459 1275 3503; x_wconf 68' lang='grc' dir='ltr'><strong>ΝΛΞ.</strong></span> <span class='ocrx_word' id='word_1_350' title='bbox 1310 3457 1365 3501; x_wconf 88' lang='lat' dir='ltr'><strong>de</strong></span> <span class='ocrx_word' id='word_1_351' title='bbox 1395 3459 1710 3514; x_wconf 78' lang='lat' dir='ltr'><strong>Persepolis...</strong></span> <span class='ocrx_word' id='word_1_352' title='bbox 1735 3475 1761 3500; x_wconf 66' lang='lat' dir='ltr'><strong>a)</strong></span> <span class='ocrx_word' id='word_1_353' title='bbox 1789 3458 1983 3513; x_wconf 70' lang='lat' dir='ltr'><strong>(Rectus,</strong></span> <span class='ocrx_word' id='word_1_354' title='bbox 2012 3460 2085 3510; x_wconf 84' lang='lat' dir='ltr'><strong>lx,</strong></span> 
     </span>
    </p>

    <p class='ocr_par' dir='ltr' id='par_1_17' title="bbox 162 3579 970 3638">
     <span class='ocr_line' id='line_1_47' title="bbox 162 3579 970 3638; baseline -0.001 -10"><span class='ocrx_word' id='word_1_355' title='bbox 162 3586 233 3628; x_wconf 75' lang='lat'><strong>31.</strong></span> <span class='ocrx_word' id='word_1_356' title='bbox 265 3582 385 3626; x_wconf 81' lang='lat' dir='ltr'><strong>Dare</strong></span> <span class='ocrx_word' id='word_1_357' title='bbox 412 3579 603 3636; x_wconf 62' lang='lat' dir='ltr'><strong>inferias</strong></span> <span class='ocrx_word' id='word_1_358' title='bbox 640 3586 711 3626; x_wconf 87' lang='lat' dir='ltr'><strong>est</strong></span> <span class='ocrx_word' id='word_1_359' title='bbox 736 3582 970 3638; x_wconf 76' lang='lat' dir='ltr'><strong>poetique.</strong></span> 
     </span>
    </p>
   </div>
  </div>
 </body>
</html>
