2517 3975
309 508 375 564 19

430 293 537 349 ‘220
1199 308 1252 353 Q.
1294 306 1459 347 curm
1496 305 1632 343 nuri

429 416 604 472 etiam
634 416 707 471 ob
739 414 1068 471 siccitatem
1096 415 1246 483 loca,
1283 414 1545 487 cameliS,
1573 415 1881 471 undecimo
1919 416 2034 487 die,
2069 431 2180 487 quo
2210 413 2353 469 desti-

430 508 719 559 naverant
745 506 1112 579 perveniunt.
1146 505 1239 575 Et,
1274 506 1619 583 priusquam
1664 505 1855 576 ipsius
1892 506 2252 560 nuntiaretur
2280 502 2356 558 ad-

430 599 668 662 ventura,
695 610 908 649 rursus
936 595 1288 667 Polydamas
1318 597 1547 648 vestem
1572 594 2014 649 Macedonicam
2040 596 2231 665 sumit,
2249 597 2292 648 et
2315 593 2355 645 in

430 685 875 763 tabernaculum
905 683 1280 738 Cleandri‘-
1306 683 1563 754 praetor*
1591 682 1690 737 hic
1719 685 1915 756 regius
1945 687 2072 738 erat
2100 715 2167 725 —
2194 686 2357 755 quarta

433 773 639 844 vigilia
669 775 689 794 *
732 774 1030 844 pervenit.
1058 756 1388 827 “Redditis
1419 772 1632 827 deinde
1676 772 1924 841 litteris,
1975 772 2358 828 constituerunt

428 861 619 931 prima
648 860 776 915 luce
807 860 872 914 ad
907 859 1360 915 Parmenionem
1391 861 1552 915 coire
1582 879 1595 915 ε
1628 877 1879 932 namque
1914 864 2130 917 ceteris
2168 873 2357 934 quoque

431 949 658 1005 litteras
687 950 855 1021 regis
895 950 1184 1003 attulerat.

499 1038 631 1095 Jam
661 1039 734 1095 ad
765 1055 897 1092 eum
926 1037 1161 1093 venturi
1191 1041 1378 1106 erant,
1412 1055 1542 1093 cum
1571 1038 1949 1094 Parmenioni
1983 1039 2359 1112 Polydamanta

432 1112 681 1181 venisse
725 1127 1172 1181 nuntiaverunt.
1213 1126 1345 1193 Qui,
1398 1127 1536 1181 dum
1584 1125 1868 1182 laetatur¹⁷
1913 1129 2167 1184 adventu
2201 1125 2356 1193 amici,

432 1216 726 1286 simulque
763 1215 1051 1273 noscendi
1093 1231 1222 1285 quae
1260 1232 1367 1270 rex
1409 1220 1613 1288 ageret
1656 1218 1958 1272 avidus—
1982 1220 2195 1289 quippe
2224 1219 2358 1288 longo

433 1305 747 1360 intervallo
779 1306 1000 1358 nullam
1032 1304 1103 1357 ab
1135 1321 1203 1359 eo
1227 1306 1543 1375 epistolam
1564 1311 1962 1376 acceperat—
1984 1307 2360 1378 Polydamanta

432 1393 660 1462 requiri
683 1392 871 1465 jubet.
905 1382 1264 1448 Deversoria
1302 1393 1574 1466 regionis
1620 1395 1787 1449 illius
1825 1412 2081 1467 magnos
2125 1409 2361 1451 recessus

434 1482 649 1537 habent
677 1498 1053 1552 amoenosque
1084 1483 1432 1538 nemoribus
1472 1499 1646 1536 manu
1686 1486 1975 1539 consitis:
2011 1502 2081 1540 ea
2117 1485 2361 1557 praecipue

434 1586 645 1643 regum
677 1575 1160 1641 satraparumque
1191 1572 1461 1641 voluptas
1489 1575 1632 1626 erat.
1664 1571 2042 1644 Spatiabatur
2072 1576 2130 1628 in
2161 1583 2361 1627 nemore

436 1662 813 1729 Parmenion,
845 1661 1076 1716 medius
1106 1662 1260 1716 inter
1292 1661 1490 1728 ducoe,
1524 1661 1743 1733 quibus
1775 1666 1899 1718 erat
1925 1665 2261 1735 imperatum
2288 1660 2361 1714 lit-

436 1751 581 1806 teris
611 1750 776 1819 regis
807 1751 868 1803 ut
909 1748 1264 1804 occiderent.
1299 1738 1560 1820 Ag‘endae
1607 1754 1801 1805 autem
1845 1752 1930 1806 rei
1979 1749 2362 1807 constituerant

436 1842 702 1910 tempuS‚
755 1854 886 1892 eum
934 1838 1293 1893 Parmenion
1341 1855 1374 1893 a
1420 1839 1836 1909 Polydamante
1883 1841 2114 1897 litteras
2159 1840 2361 1894 traditas

436 1928 629 2002 legere
654 1928 958 2000 coepisset.
982 1928 1334 2000 Polydamas
1357 1929 1558 2000 procul
1580 1931 1850 1999 venienS‚
1874 1934 1989 1986 uta
2013 1929 2360 1986 Parmenione

438 2022 793 2088 conspectus
823 2020 932 2085 est,
966 2019 1131 2072 vultu
1166 2018 1384 2073 laetitiae
1433 2019 1691 2089 speciem
1733 2019 2107 2091 praeferente,
2136 2020 2202 2075 ad
2226 2032 2358 2073 com-

437 2107 808 2179 plectendum
840 2092 972 2162 eum
1020 2106 1313 2171 cucurrit;
1359 2110 1673 2177 mutuaque
1705 2109 2100 2180 gratulatione
2139 2106 2356 2170 suncti¹⁸‚

433 2198 786 2268 ‚Polydamas
818 2196 1126 2266 epistolam
1142 2212 1183 2250 a
1214 2211 1358 2266 rege
1389 2197 1669 2267 scriptam
1690 2197 1744 2252 ei
1763 2198 2024 2264 tradidit,
2048 2196 2357 2253 Parmenion

439 2275 735 2340 vinculum
766 2284 1030 2358 epistolae
1062 2285 1327 2352 solvenS,
1360 2285 1637 2356 quidnam
1666 2302 1775 2341 rex
1811 2292 2012 2359 ageret
2040 2286 2356 2359 requirebat.

439 2376 543 2431 Ille
573 2392 646 2436 ex
675 2376 827 2445 ipsis
873 2374 1091 2429 litteris
1136 2374 1515 2445 cogniturum
1558 2375 1760 2430 esse¹⁹
1802 2377 2128 2447 respondit.
2173 2374 2357 2441 Quibus

441 2465 796 2520 Parmenion
826 2464 1031 2518 lectis:
1061 2485 1086 2512 «
1113 2464 1264 2530 Rex,
1292 2463 1499 2534 inquit,
1530 2464 1960 2534 expeditionem
1990 2469 2154 2537 parat
2172 2467 2226 2519 in
2246 2465 2357 2517 Ara·

442 2554 704 2610 chosios.
732 2554 1048 2609 Strenuum
1089 2550 1380 2605 hominem
1426 2554 1480 2606 et
1529 2568 1845 2624 numquam
1893 2551 2242 2609 cessantem!
2270 2546 2355 2606 Sed
2441 2551 2444 2628 j

440 2642 726 2716 tempus¹⁰
755 2642 935 2697 saluti
965 2656 1111 2706 suae,
1140 2644 1301 2694 tanta
1345 2639 1468 2710 jam
1514 2643 1679 2710 parta
1719 2642 1934 2712 gloria,
1966 2659 2265 2713 parcere.»
2289 2636 2356 2692 ΑΙ·
2441 2631 2442 2634 ’

440 2734 627 2787 teram
672 2730 883 2786 deinde
933 2727 1266 2800 epistolam,
1314 2725 1560 2782 Philotae
1608 2728 1846 2784 nomine
1878 2733 2179 2803 scriptam,
2209 2730 2351 2792 laetus

443 2822 597 2892 quod
620 2836 693 2875 ex
711 2820 877 2908 vultu
897 2818 1089 2873 notari
1108 2819 1358 2906 poterat,
1381 2813 1639 2888 legebat.
1657 2816 1800 2878 Tum
1825 2819 1959 2889 ejus
1991 2819 2145 2876 latus
2169 2813 2353 2892 gladio'
2441 2879 2442 2882 Ἴ

491 2965 565 3009 17.
599 2964 711 3007 Dum
737 2962 930 3013 laetatur,
961 2959 1318 3017 parallelement
1346 2957 1375 3002 a
1401 2958 1578 3016 avidus,
1611 2959 1713 3004 doit
1749 2961 2020 3007 s'entendre
2050 2972 2218 3007 comme
2244 2958 2302 3004 s'il
2330 2962 2353 3007 5

443 3026 569 3071 avait
589 3028 714 3070 laetus
743 3027 866 3069 seul.

423 3121 429 3128 .
496 3091 567 3134 18.
602 3087 765 3131 Functi
793 3099 850 3130 au
867 3083 1059 3141 pluriel,
1086 3095 1264 3130 comme
1289 3083 1359 3135 vl,
1390 3095 1435 3137 v,
1454 3083 1530 3126 32.
1569 3082 1675 3127 Tum
1706 3083 1785 3127 illa
1815 3085 1997 3139 reanum‘
2024 3099 2162 3138 snum,
2188 3095 2257 3128 res:
2272 3080 2353 3125 Per·

445 3150 636 3194 thienem
649 3149 916 3203 petiverunt.
950 3150 1009 3192 lls
1040 3147 1311 3203 gagnei-eut,
1337 3145 1384 3190 la
1404 3147 1534 3189 reine
1566 3156 1919 3200 sonsoyaume,
1949 3150 2194 3194 Alexandra
2217 3147 2256 3198 la
2278 3147 2355 3187 Par·

442 3210 625 3255 thiene.

494 3275 567 3320 19.
600 3272 882 3326 Gooniturum
902 3284 1014 3316 esse.
1041 3272 1216 3327 Ellipse
1246 3272 1311 3316 du
1335 3271 1458 3324 sujet
1485 3281 1601 3314 eum.

494 3335 567 3382 20.
606 3334 782 3388 Tempus
813 3335 937 3388 (est).
964 3335 1087 3379 Nous
1115 3346 1255 3377 avons
1281 3345 1341 3377 vu
1365 3333 1451 3387 (lv,
1473 3344 1574 3386 vni,
1614 3330 1658 3388 3)
1693 3334 1923 3378 certaines
1952 3336 2172 3380 locutions
2198 3326 2356 3376 formees

442 3397 551 3441 d'un
581 3395 836 3440 substantir
859 3400 906 3438 et
933 3397 992 3439 du
1012 3396 1153 3440 verbe
1190 3408 1286 3440 esse
1316 3401 1362 3441 et
1389 3396 1678 3439 construites
1709 3405 1817 3440 avec
1837 3397 2078 3444 l'inflnitif.
2115 3398 2276 3450 Tempus
2305 3387 2356 3430 Μ

442 3465 518 3504 est
544 3471 634 3503 une
656 3456 859 3501 locution
883 3459 1126 3511 analogue.
1152 3457 1236 3500 Sed
1247 3459 1344 3509 jam
1381 3461 1551 3513 tempus
1579 3461 1647 3500 eat
1667 3457 1722 3501 ad
1752 3458 1798 3500 id
1833 3460 1943 3514 quod
1982 3460 2236 3504 instituimus
2265 3458 2356 3494 accc·

445 3522 547 3564 dere
569 3521 710 3573 (Cic.,
738 3518 855 3571 Top„
878 3521 910 3570 1,
931 3520 993 3571 5).
1023 3537 1078 3550 ·—-
1109 3520 1290 3572 Tempus
1318 3523 1384 3562 esc
1421 3521 1565 3562 dicere
1602 3519 1773 3574 aliquid
1799 3523 1851 3564 de
1881 3522 2035 3567 ordine
2060 3520 2358 3575 arqumentom

445 3582 587 3634 (εἶτα,
608 3582 661 3622 de
698 3579 851 3629 Orat„
875 3581 925 3629 Π,
956 3591 1073 3630 xm,
1099 3581 1215 3632 181).
1241 3603 1291 3611 —
1325 3581 1504 3635 Tempus
1528 3585 1597 3625 est
1625 3583 1777 3625 conari
1814 3584 1956 3627 etiam
1984 3586 2146 3638 majora
2179 3574 2358 3637 (liv-‚Vk

447 3652 583 3693 xvnl,
613 3642 702 3695 12).
1609 3659 1618 3670 ·

2437 3601 2442 3788 l

2415 3809 2441 3925 l
