<?xml version="1.0" encoding="UTF-8"?>
<!DOCTYPE html PUBLIC "-//W3C//DTD XHTML 1.0 Transitional//EN"
    "http://www.w3.org/TR/xhtml1/DTD/xhtml1-transitional.dtd">
<html xmlns="http://www.w3.org/1999/xhtml" xml:lang="en" lang="en">
 <head>
  <title>
</title>
<meta http-equiv="Content-Type" content="text/html;charset=utf-8" />
  <meta name='ocr-system' content='tesseract 3.04.00' />
  <meta name='ocr-capabilities' content='ocr_page ocr_carea ocr_par ocr_line ocrx_word'/>
</head>
<body>
  <div class='ocr_page' id='page_1' title='image "./qcurtirufihisto00brelgoog_0278.png"; bbox 0 0 2517 3975; ppageno 0'>
   <div class='ocr_carea' id='block_1_1' title="bbox 318 532 391 588">
    <p class='ocr_par' dir='ltr' id='par_1_1' title="bbox 318 532 391 588">
     <span class='ocr_line' id='line_1_1' title="bbox 318 532 391 588; baseline 0 0"><span class='ocrx_word' id='word_1_1' title='bbox 318 532 391 588; x_wconf 79' lang='lat'><strong>43</strong></span> 
     </span>
    </p>
   </div>
   <div class='ocr_carea' id='block_1_2' title="bbox 371 3177 407 3235">
    <p class='ocr_par' dir='ltr' id='par_1_2' title="bbox 371 3177 407 3235">
     <span class='ocr_line' id='line_1_2' title="bbox 371 3177 407 3235; baseline 0 0"><span class='ocrx_word' id='word_1_2' title='bbox 371 3177 407 3235; x_wconf 84' lang='lat'>8</span> 
     </span>
    </p>
   </div>
   <div class='ocr_carea' id='block_1_3' title="bbox 442 309 1647 373">
    <p class='ocr_par' dir='ltr' id='par_1_3' title="bbox 442 309 1647 373">
     <span class='ocr_line' id='line_1_3' title="bbox 442 309 1647 373; baseline 0.001 -6"><span class='ocrx_word' id='word_1_3' title='bbox 442 309 549 369; x_wconf 73' lang='lat'><strong>238</strong></span> <span class='ocrx_word' id='word_1_4' title='bbox 1205 329 1258 373; x_wconf 85' lang='lat' dir='ltr'><strong>Q.</strong></span> <span class='ocrx_word' id='word_1_5' title='bbox 1301 325 1473 367; x_wconf 75' lang='lat' dir='ltr'><strong>cua-n</strong></span> <span class='ocrx_word' id='word_1_6' title='bbox 1510 325 1647 368; x_wconf 70' lang='lat' dir='ltr'><strong>nuri</strong></span> 
     </span>
    </p>
   </div>
   <div class='ocr_carea' id='block_1_4' title="bbox 443 435 2438 852">
    <p class='ocr_par' dir='ltr' id='par_1_4' title="bbox 443 435 2438 852">
     <span class='ocr_line' id='line_1_4' title="bbox 443 435 2353 510; baseline -0.002 -17"><span class='ocrx_word' id='word_1_7' title='bbox 443 435 653 494; x_wconf 85' lang='lat' dir='ltr'><strong>rabilis</strong></span> <span class='ocrx_word' id='word_1_8' title='bbox 681 436 874 492; x_wconf 85' lang='lat' dir='ltr'><strong>videri</strong></span> <span class='ocrx_word' id='word_1_9' title='bbox 904 453 1004 492; x_wconf 88' lang='lat' dir='ltr'><strong>ars</strong></span> <span class='ocrx_word' id='word_1_10' title='bbox 1035 436 1162 492; x_wconf 81' lang='lat' dir='ltr'><strong>haec</strong></span> <span class='ocrx_word' id='word_1_11' title='bbox 1186 438 1410 508; x_wconf 84' lang='lat' dir='ltr'>possit:</span> <span class='ocrx_word' id='word_1_12' title='bbox 1445 440 1573 492; x_wconf 90' lang='lat' dir='ltr'><strong>tum</strong></span> <span class='ocrx_word' id='word_1_13' title='bbox 1603 438 1820 510; x_wconf 84' lang='lat' dir='ltr'><strong>ingens</strong></span> <span class='ocrx_word' id='word_1_14' title='bbox 1849 437 2177 493; x_wconf 84' lang='lat' dir='ltr'><strong>visentibus</strong></span> <span class='ocrx_word' id='word_1_15' title='bbox 2218 437 2353 491; x_wconf 83' lang='lat' dir='ltr'><strong>mira-</strong></span> 
     </span>
     <span class='ocr_line' id='line_1_5' title="bbox 444 523 2349 599; baseline -0.002 -16"><span class='ocrx_word' id='word_1_16' title='bbox 444 528 640 583; x_wconf 82' lang='lat' dir='ltr'><strong>culum</strong></span> <span class='ocrx_word' id='word_1_17' title='bbox 667 542 998 599; x_wconf 81' lang='lat' dir='ltr'><strong>magnoque</strong></span> <span class='ocrx_word' id='word_1_18' title='bbox 1028 526 1241 582; x_wconf 88' lang='lat' dir='ltr'><strong>honori</strong></span> <span class='ocrx_word' id='word_1_19' title='bbox 1272 525 1476 582; x_wconf 89' lang='lat' dir='ltr'><strong>Cateni</strong></span> <span class='ocrx_word' id='word_1_20' title='bbox 1504 527 1630 582; x_wconf 87' lang='lat' dir='ltr'><strong>fuit.</strong></span> <span class='ocrx_word' id='word_1_21' title='bbox 1668 528 1830 583; x_wconf 89' lang='lat' dir='ltr'><strong>Dona</strong></span> <span class='ocrx_word' id='word_1_22' title='bbox 1856 523 2069 583; x_wconf 81' lang='lat' dir='ltr'><strong>deinde</strong></span> <span class='ocrx_word' id='word_1_23' title='bbox 2117 526 2349 593; x_wconf 50' lang='lat' dir='ltr'><strong>omnibus</strong></span> 
     </span>
     <span class='ocr_line' id='line_1_6' title="bbox 444 614 2354 688; baseline -0.001 -17"><span class='ocrx_word' id='word_1_24' title='bbox 444 616 546 688; x_wconf 89' lang='lat' dir='ltr'><strong>qui</strong></span> <span class='ocrx_word' id='word_1_25' title='bbox 574 616 828 671; x_wconf 84' lang='lat' dir='ltr'><strong>Bessum</strong></span> <span class='ocrx_word' id='word_1_26' title='bbox 856 617 1243 683; x_wconf 77' lang='lat' dir='ltr'><strong>adduxerant,</strong></span> <span class='ocrx_word' id='word_1_27' title='bbox 1268 616 1398 670; x_wconf 91' lang='lat' dir='ltr'><strong>data</strong></span> <span class='ocrx_word' id='word_1_28' title='bbox 1429 621 1588 673; x_wconf 90' lang='lat' dir='ltr'><strong>sunt.</strong></span> <span class='ocrx_word' id='word_1_29' title='bbox 1609 615 1886 671; x_wconf 85' lang='lat' dir='ltr'><strong>Ceterum</strong></span> <span class='ocrx_word' id='word_1_30' title='bbox 1905 616 2245 688; x_wconf 89' lang='lat' dir='ltr'><strong>supplicium</strong></span> <span class='ocrx_word' id='word_1_31' title='bbox 2258 614 2354 686; x_wconf 84' lang='lat' dir='ltr'><strong>ejus</strong></span> 
     </span>
     <span class='ocr_line' id='line_1_7' title="bbox 444 706 2438 778; baseline 0.001 -16"><span class='ocrx_word' id='word_1_32' title='bbox 444 707 691 776; x_wconf 78' lang='lat' dir='ltr'><strong>distulit,</strong></span> <span class='ocrx_word' id='word_1_33' title='bbox 726 711 788 761; x_wconf 90' lang='lat' dir='ltr'><strong>ut</strong></span> <span class='ocrx_word' id='word_1_34' title='bbox 834 722 905 762; x_wconf 89' lang='lat' dir='ltr'><strong>eo</strong></span> <span class='ocrx_word' id='word_1_35' title='bbox 948 707 1075 762; x_wconf 92' lang='lat' dir='ltr'><strong>loco</strong></span> <span class='ocrx_word' id='word_1_36' title='bbox 1096 707 1155 774; x_wconf 78' lang='lat'><strong>⁴²,</strong></span> <span class='ocrx_word' id='word_1_37' title='bbox 1189 708 1249 762; x_wconf 88' lang='lat' dir='ltr'><strong>in</strong></span> <span class='ocrx_word' id='word_1_38' title='bbox 1292 723 1408 778; x_wconf 89' lang='lat' dir='ltr'><strong>quo</strong></span> <span class='ocrx_word' id='word_1_39' title='bbox 1438 706 1675 762; x_wconf 89' lang='lat' dir='ltr'><strong>Darium</strong></span> <span class='ocrx_word' id='word_1_40' title='bbox 1720 708 1851 777; x_wconf 88' lang='lat' dir='ltr'><strong>ipse</strong></span> <span class='ocrx_word' id='word_1_41' title='bbox 1901 707 2206 775; x_wconf 90' lang='lat' dir='ltr'><strong>occiderat,</strong></span> <span class='ocrx_word' id='word_1_42' title='bbox 2231 721 2357 760; x_wconf 81' lang='lat' dir='ltr'><strong>neca·</strong></span> <span class='ocrx_word' id='word_1_43' title='bbox 2437 717 2438 764; x_wconf 71' lang='lat'>1</span> 
     </span>
     <span class='ocr_line' id='line_1_8' title="bbox 446 801 630 852; baseline -0.005 0"><span class='ocrx_word' id='word_1_44' title='bbox 446 801 630 852; x_wconf 89' lang='lat' dir='ltr'><strong>retur.</strong></span> 
     </span>
    </p>
   </div>
   <div class='ocr_carea' id='block_1_5' title="bbox 1239 991 1622 1045">
    <p class='ocr_par' dir='ltr' id='par_1_5' title="bbox 1239 991 1622 1045">
     <span class='ocr_line' id='line_1_9' title="bbox 1239 991 1622 1045; baseline 0 0"><span class='ocrx_word' id='word_1_45' title='bbox 1239 991 1493 1045; x_wconf 87' lang='lat' dir='ltr'><strong>CAPUT</strong></span> <span class='ocrx_word' id='word_1_46' title='bbox 1545 991 1622 1045; x_wconf 89' lang='lat' dir='ltr'><strong>VI</strong></span> 
     </span>
    </p>
   </div>
   <div class='ocr_carea' id='block_1_6' title="bbox 1017 1150 1841 1213">
    <p class='ocr_par' dir='ltr' id='par_1_6' title="bbox 1017 1150 1841 1213">
     <span class='ocr_line' id='line_1_10' title="bbox 1017 1150 1841 1213; baseline 0 -12"><span class='ocrx_word' id='word_1_47' title='bbox 1017 1150 1348 1201; x_wconf 83' lang='lat' dir='ltr'><strong>Soumission</strong></span> <span class='ocrx_word' id='word_1_48' title='bbox 1381 1151 1444 1200; x_wconf 90' lang='lat' dir='ltr'><strong>de</strong></span> <span class='ocrx_word' id='word_1_49' title='bbox 1478 1150 1526 1198; x_wconf 91' lang='lat' dir='ltr'><strong>la</strong></span> <span class='ocrx_word' id='word_1_50' title='bbox 1561 1150 1841 1213; x_wconf 70' lang='lat' dir='ltr'><strong>Sogdiano.</strong></span> 
     </span>
    </p>
   </div>
   <div class='ocr_carea' id='block_1_7' title="bbox 1203 1291 1656 1349">
    <p class='ocr_par' dir='ltr' id='par_1_7' title="bbox 1203 1291 1656 1349">
     <span class='ocr_line' id='line_1_11' title="bbox 1203 1291 1656 1349; baseline 0 -13"><span class='ocrx_word' id='word_1_51' title='bbox 1203 1291 1503 1349; x_wconf 77' lang='lat' dir='ltr'><strong>(rrintomps,</strong></span> <span class='ocrx_word' id='word_1_52' title='bbox 1531 1292 1656 1347; x_wconf 76' lang='lat'>329.)</span> 
     </span>
    </p>
   </div>
   <div class='ocr_carea' id='block_1_8' title="bbox 2437 875 2444 1587">
    <p class='ocr_par' dir='ltr' id='par_1_8' title="bbox 2437 875 2444 1587">
     <span class='ocr_line' id='line_1_12' title="bbox 2437 875 2444 1587; baseline 0 0"><span class='ocrx_word' id='word_1_53' title='bbox 2437 875 2444 1587; x_wconf 95' lang='lat' dir='ltr'><strong> </strong></span> 
     </span>
    </p>
   </div>
   <div class='ocr_carea' id='block_1_9' title="bbox 449 1470 2446 3244">
    <p class='ocr_par' dir='ltr' id='par_1_9' title="bbox 449 1470 2446 2350">
     <span class='ocr_line' id='line_1_13' title="bbox 522 1470 2371 1544; baseline -0.003 -13"><span class='ocrx_word' id='word_1_54' title='bbox 522 1477 752 1531; x_wconf 80' lang='lat' dir='ltr'><strong>Interea</strong></span> <span class='ocrx_word' id='word_1_55' title='bbox 799 1473 1170 1538; x_wconf 76' lang='lat' dir='ltr'><strong>MacedoneS,</strong></span> <span class='ocrx_word' id='word_1_56' title='bbox 1218 1470 1291 1525; x_wconf 89' lang='lat' dir='ltr'><strong>ad</strong></span> <span class='ocrx_word' id='word_1_57' title='bbox 1337 1472 1652 1542; x_wconf 88' lang='lat' dir='ltr'><strong>petendum</strong></span> <span class='ocrx_word' id='word_1_58' title='bbox 1695 1471 1979 1541; x_wconf 89' lang='lat' dir='ltr'><strong>pabulum</strong></span> <span class='ocrx_word' id='word_1_59' title='bbox 2026 1472 2371 1544; x_wconf 86' lang='lat' dir='ltr'><strong>incomposito</strong></span> 
     </span>
     <span class='ocr_line' id='line_1_14' title="bbox 450 1559 2373 1637; baseline -0.002 -18"><span class='ocrx_word' id='word_1_60' title='bbox 450 1567 688 1637; x_wconf 82' lang='lat' dir='ltr'>agmine</span> <span class='ocrx_word' id='word_1_61' title='bbox 717 1563 968 1636; x_wconf 80' lang='lat' dir='ltr'><strong>egressi,</strong></span> <span class='ocrx_word' id='word_1_62' title='bbox 1003 1578 1035 1615; x_wconf 91' lang='lat' dir='ltr'><strong>a</strong></span> <span class='ocrx_word' id='word_1_63' title='bbox 1064 1560 1361 1624; x_wconf 79' lang='lat' dir='ltr'><strong>barbariS,</strong></span> <span class='ocrx_word' id='word_1_64' title='bbox 1398 1561 1497 1630; x_wconf 87' lang='lat' dir='ltr'><strong>qui</strong></span> <span class='ocrx_word' id='word_1_65' title='bbox 1527 1559 1597 1613; x_wconf 91' lang='lat' dir='ltr'><strong>de</strong></span> <span class='ocrx_word' id='word_1_66' title='bbox 1636 1561 1927 1630; x_wconf 80' lang='lat' dir='ltr'><strong>proximis</strong></span> <span class='ocrx_word' id='word_1_67' title='bbox 1966 1564 2264 1618; x_wconf 89' lang='lat' dir='ltr'><strong>montibus</strong></span> <span class='ocrx_word' id='word_1_68' title='bbox 2302 1562 2373 1615; x_wconf 83' lang='lat' dir='ltr'><strong>de-</strong></span> 
     </span>
     <span class='ocr_line' id='line_1_15' title="bbox 451 1647 2372 1721; baseline -0.005 -13"><span class='ocrx_word' id='word_1_69' title='bbox 451 1655 783 1717; x_wconf 89' lang='lat' dir='ltr'><strong>currerunt,</strong></span> <span class='ocrx_word' id='word_1_70' title='bbox 819 1651 1252 1721; x_wconf 88' lang='lat' dir='ltr'><strong>opprimuntur,</strong></span> <span class='ocrx_word' id='word_1_71' title='bbox 1284 1647 1601 1718; x_wconf 86' lang='lat' dir='ltr'><strong>pluresque</strong></span> <span class='ocrx_word' id='word_1_72' title='bbox 1631 1648 1783 1717; x_wconf 86' lang='lat' dir='ltr'><strong>capti</strong></span> <span class='ocrx_word' id='word_1_73' title='bbox 1814 1652 1953 1706; x_wconf 83' lang='lat' dir='ltr'><strong>sunt</strong></span> <span class='ocrx_word' id='word_1_74' title='bbox 1990 1665 2166 1719; x_wconf 86' lang='lat' dir='ltr'><strong>quam</strong></span> <span class='ocrx_word' id='word_1_75' title='bbox 2196 1648 2372 1705; x_wconf 86' lang='lat' dir='ltr'><strong>occisi:</strong></span> 
     </span>
     <span class='ocr_line' id='line_1_16' title="bbox 449 1738 2374 1808; baseline -0.003 -12"><span class='ocrx_word' id='word_1_76' title='bbox 449 1741 691 1796; x_wconf 85' lang='lat' dir='ltr'><strong>barbari</strong></span> <span class='ocrx_word' id='word_1_77' title='bbox 731 1743 945 1807; x_wconf 82' lang='lat' dir='ltr'><strong>autem,</strong></span> <span class='ocrx_word' id='word_1_78' title='bbox 973 1738 1239 1807; x_wconf 89' lang='lat' dir='ltr'><strong>captivos</strong></span> <span class='ocrx_word' id='word_1_79' title='bbox 1269 1752 1393 1807; x_wconf 83' lang='lat' dir='ltr'><strong>prae</strong></span> <span class='ocrx_word' id='word_1_80' title='bbox 1424 1752 1489 1790; x_wconf 92' lang='lat' dir='ltr'><strong>se</strong></span> <span class='ocrx_word' id='word_1_81' title='bbox 1516 1740 1782 1808; x_wconf 78' lang='lat' dir='ltr'><strong>agenteS,</strong></span> <span class='ocrx_word' id='word_1_82' title='bbox 1818 1752 2033 1793; x_wconf 87' lang='lat' dir='ltr'><strong>rursus</strong></span> <span class='ocrx_word' id='word_1_83' title='bbox 2062 1741 2125 1794; x_wconf 89' lang='lat' dir='ltr'><strong>in</strong></span> <span class='ocrx_word' id='word_1_84' title='bbox 2157 1743 2374 1794; x_wconf 86' lang='lat' dir='ltr'><strong>montem</strong></span> 
     </span>
     <span class='ocr_line' id='line_1_17' title="bbox 450 1824 2374 1899; baseline -0.003 -14"><span class='ocrx_word' id='word_1_85' title='bbox 450 1831 850 1885; x_wconf 89' lang='lat' dir='ltr'><strong>recesserunt.</strong></span> <span class='ocrx_word' id='word_1_86' title='bbox 883 1844 965 1880; x_wconf 84' lang='lat' dir='ltr'><strong>xx</strong></span> <span class='ocrx_word' id='word_1_87' title='bbox 990 1825 1175 1879; x_wconf 78' lang='lat' dir='ltr'><strong>millia</strong></span> <span class='ocrx_word' id='word_1_88' title='bbox 1205 1825 1499 1879; x_wconf 87' lang='lat' dir='ltr'><strong>latronum</strong></span> <span class='ocrx_word' id='word_1_89' title='bbox 1528 1828 1732 1879; x_wconf 86' lang='lat' dir='ltr'><strong>erant:</strong></span> <span class='ocrx_word' id='word_1_90' title='bbox 1766 1824 2005 1881; x_wconf 87' lang='lat' dir='ltr'><strong>fundis*</strong></span> <span class='ocrx_word' id='word_1_91' title='bbox 2026 1825 2374 1899; x_wconf 79' lang='lat' dir='ltr'><strong>sagittisque¹</strong></span> 
     </span>
     <span class='ocr_line' id='line_1_18' title="bbox 450 1914 2444 1993; baseline -0.005 -17"><span class='ocrx_word' id='word_1_92' title='bbox 450 1936 713 1993; x_wconf 82' lang='lat' dir='ltr'><strong>pugnam</strong></span> <span class='ocrx_word' id='word_1_93' title='bbox 731 1916 1070 1972; x_wconf 84' lang='lat' dir='ltr'><strong>invadunt¹.</strong></span> <span class='ocrx_word' id='word_1_94' title='bbox 1094 1914 1259 1981; x_wconf 85' lang='lat' dir='ltr'><strong>Quos</strong></span> <span class='ocrx_word' id='word_1_95' title='bbox 1288 1914 1426 1969; x_wconf 90' lang='lat' dir='ltr'><strong>dum</strong></span> <span class='ocrx_word' id='word_1_96' title='bbox 1458 1914 1691 1969; x_wconf 77' lang='lat' dir='ltr'><strong>obsidet</strong></span> <span class='ocrx_word' id='word_1_97' title='bbox 1720 1931 1848 1987; x_wconf 84' lang='lat' dir='ltr'><strong>rex,</strong></span> <span class='ocrx_word' id='word_1_98' title='bbox 1871 1916 2029 1972; x_wconf 89' lang='lat' dir='ltr'><strong>inter</strong></span> <span class='ocrx_word' id='word_1_99' title='bbox 2045 1914 2376 1989; x_wconf 80' lang='lat' dir='ltr'><strong>promptissi·</strong></span> <span class='ocrx_word' id='word_1_100' title='bbox 2441 1933 2444 1950; x_wconf 57' lang='lat'><em>⁴</em></span> 
     </span>
     <span class='ocr_line' id='line_1_19' title="bbox 452 2004 2371 2077; baseline -0.003 -13"><span class='ocrx_word' id='word_1_101' title='bbox 452 2026 583 2075; x_wconf 83' lang='lat' dir='ltr'><strong>mos</strong></span> <span class='ocrx_word' id='word_1_102' title='bbox 614 2008 921 2073; x_wconf 80' lang='lat' dir='ltr'><strong>dimicanS,</strong></span> <span class='ocrx_word' id='word_1_103' title='bbox 956 2005 1177 2077; x_wconf 83' lang='lat' dir='ltr'><strong>sagitta</strong></span> <span class='ocrx_word' id='word_1_104' title='bbox 1199 2004 1220 2026; x_wconf 84' lang='lat'><strong>*</strong></span> <span class='ocrx_word' id='word_1_105' title='bbox 1249 2005 1402 2059; x_wconf 88' lang='lat' dir='ltr'><strong>ictus</strong></span> <span class='ocrx_word' id='word_1_106' title='bbox 1432 2007 1540 2069; x_wconf 88' lang='lat' dir='ltr'><strong>est,</strong></span> <span class='ocrx_word' id='word_1_107' title='bbox 1573 2021 1726 2076; x_wconf 83' lang='lat' dir='ltr'><strong>quae,</strong></span> <span class='ocrx_word' id='word_1_108' title='bbox 1755 2005 1817 2060; x_wconf 89' lang='lat' dir='ltr'><strong>in</strong></span> <span class='ocrx_word' id='word_1_109' title='bbox 1847 2008 2040 2062; x_wconf 85' lang='lat' dir='ltr'><strong>medio</strong></span> <span class='ocrx_word' id='word_1_110' title='bbox 2080 2026 2245 2064; x_wconf 89' lang='lat' dir='ltr'><strong>crure</strong></span> <span class='ocrx_word' id='word_1_111' title='bbox 2270 2009 2371 2072; x_wconf 81' lang='lat' dir='ltr'><strong>fixa,</strong></span> 
     </span>
     <span class='ocr_line' id='line_1_20' title="bbox 451 2092 2376 2169; baseline -0.003 -15"><span class='ocrx_word' id='word_1_112' title='bbox 451 2099 772 2169; x_wconf 85' lang='lat' dir='ltr'><strong>reliquerat</strong></span> <span class='ocrx_word' id='word_1_113' title='bbox 801 2095 1096 2166; x_wconf 89' lang='lat' dir='ltr'><strong>spiculum</strong></span> <span class='ocrx_word' id='word_1_114' title='bbox 1112 2092 1153 2147; x_wconf 82' lang='lat'><strong>*.</strong></span> <span class='ocrx_word' id='word_1_115' title='bbox 1185 2093 1353 2147; x_wconf 90' lang='lat' dir='ltr'><strong>Illum</strong></span> <span class='ocrx_word' id='word_1_116' title='bbox 1382 2093 1612 2163; x_wconf 89' lang='lat' dir='ltr'><strong>quidem</strong></span> <span class='ocrx_word' id='word_1_117' title='bbox 1641 2094 1833 2153; x_wconf 75' lang='lat' dir='ltr'><strong>maesti</strong></span> <span class='ocrx_word' id='word_1_118' title='bbox 1862 2099 1919 2150; x_wconf 91' lang='lat' dir='ltr'><strong>et</strong></span> <span class='ocrx_word' id='word_1_119' title='bbox 1946 2099 2205 2154; x_wconf 78' lang='lat' dir='ltr'><strong>attoniti²</strong></span> <span class='ocrx_word' id='word_1_120' title='bbox 2229 2099 2376 2153; x_wconf 80' lang='lat' dir='ltr'><strong>Mace-</strong></span> 
     </span>
     <span class='ocr_line' id='line_1_21' title="bbox 454 2183 2446 2255; baseline -0.003 -11"><span class='ocrx_word' id='word_1_121' title='bbox 454 2189 639 2244; x_wconf 89' lang='lat' dir='ltr'><strong>dones</strong></span> <span class='ocrx_word' id='word_1_122' title='bbox 678 2187 740 2241; x_wconf 90' lang='lat' dir='ltr'><strong>in</strong></span> <span class='ocrx_word' id='word_1_123' title='bbox 767 2188 961 2241; x_wconf 90' lang='lat' dir='ltr'><strong>castra</strong></span> <span class='ocrx_word' id='word_1_124' title='bbox 980 2184 1001 2206; x_wconf 77' lang='lat'><em>*</em></span> <span class='ocrx_word' id='word_1_125' title='bbox 1030 2183 1364 2238; x_wconf 81' lang='lat' dir='ltr'><strong>referebant</strong></span> <span class='ocrx_word' id='word_1_126' title='bbox 1391 2197 1404 2236; x_wconf 77' lang='grc' dir='ltr'><em>τ</em></span> <span class='ocrx_word' id='word_1_127' title='bbox 1437 2183 1540 2238; x_wconf 90' lang='lat' dir='ltr'><strong>sed</strong></span> <span class='ocrx_word' id='word_1_128' title='bbox 1584 2199 1692 2238; x_wconf 90' lang='lat' dir='ltr'><strong>nec</strong></span> <span class='ocrx_word' id='word_1_129' title='bbox 1719 2185 2011 2242; x_wconf 85' lang='lat' dir='ltr'><strong>barbaros</strong></span> <span class='ocrx_word' id='word_1_130' title='bbox 2041 2187 2246 2244; x_wconf 80' lang='lat' dir='ltr'><strong>fefellit</strong></span> <span class='ocrx_word' id='word_1_131' title='bbox 2269 2185 2377 2241; x_wconf 78' lang='lat' dir='ltr'><strong>sub-</strong></span> <span class='ocrx_word' id='word_1_132' title='bbox 2445 2222 2446 2255; x_wconf 23' lang='grc' dir='ltr'>ᾖ</span> 
     </span>
     <span class='ocr_line' id='line_1_22' title="bbox 453 2262 2446 2350; baseline -0.005 -17"><span class='ocrx_word' id='word_1_133' title='bbox 453 2278 664 2333; x_wconf 87' lang='lat' dir='ltr'><strong>ductus</strong></span> <span class='ocrx_word' id='word_1_134' title='bbox 683 2277 703 2305; x_wconf 79' lang='lat'>⁸</span> <span class='ocrx_word' id='word_1_135' title='bbox 722 2292 797 2332; x_wconf 88' lang='lat' dir='ltr'><strong>ex</strong></span> <span class='ocrx_word' id='word_1_136' title='bbox 826 2276 972 2341; x_wconf 91' lang='lat' dir='ltr'><strong>acie,</strong></span> <span class='ocrx_word' id='word_1_137' title='bbox 996 2274 1210 2345; x_wconf 87' lang='lat' dir='ltr'><strong>quippe</strong></span> <span class='ocrx_word' id='word_1_138' title='bbox 1234 2288 1307 2327; x_wconf 86' lang='lat' dir='ltr'><strong>ex</strong></span> <span class='ocrx_word' id='word_1_139' title='bbox 1328 2272 1484 2327; x_wconf 90' lang='lat' dir='ltr'><strong>edito</strong></span> <span class='ocrx_word' id='word_1_140' title='bbox 1514 2277 1714 2328; x_wconf 90' lang='lat' dir='ltr'><strong>monte</strong></span> <span class='ocrx_word' id='word_1_141' title='bbox 1737 2279 1944 2331; x_wconf 88' lang='lat' dir='ltr'><strong>cuncta</strong></span> <span class='ocrx_word' id='word_1_142' title='bbox 1959 2277 2375 2350; x_wconf 86' lang='lat' dir='ltr'><strong>prospexerant.</strong></span> <span class='ocrx_word' id='word_1_143' title='bbox 2415 2287 2422 2295; x_wconf 94' lang='lat'><strong>·</strong></span> <span class='ocrx_word' id='word_1_144' title='bbox 2445 2262 2446 2293; x_wconf 69' lang='lat'>³</span> 
     </span>
    </p>

    <p class='ocr_par' dir='ltr' id='par_1_10' title="bbox 452 2364 2380 3151">
     <span class='ocr_line' id='line_1_23' title="bbox 524 2364 2377 2439; baseline -0.003 -15"><span class='ocrx_word' id='word_1_145' title='bbox 524 2369 727 2439; x_wconf 88' lang='lat' dir='ltr'><strong>Itaque</strong></span> <span class='ocrx_word' id='word_1_146' title='bbox 776 2368 1012 2437; x_wconf 88' lang='lat' dir='ltr'><strong>postero</strong></span> <span class='ocrx_word' id='word_1_147' title='bbox 1058 2364 1152 2418; x_wconf 89' lang='lat' dir='ltr'><strong>die</strong></span> <span class='ocrx_word' id='word_1_148' title='bbox 1201 2364 1421 2419; x_wconf 90' lang='lat' dir='ltr'><strong>misere</strong></span> <span class='ocrx_word' id='word_1_149' title='bbox 1459 2364 1688 2436; x_wconf 84' lang='lat' dir='ltr'><strong>legatos</strong></span> <span class='ocrx_word' id='word_1_150' title='bbox 1726 2365 1798 2419; x_wconf 87' lang='lat' dir='ltr'><strong>ad</strong></span> <span class='ocrx_word' id='word_1_151' title='bbox 1843 2382 2069 2437; x_wconf 80' lang='lat' dir='ltr'><strong>regem.</strong></span> <span class='ocrx_word' id='word_1_152' title='bbox 2111 2368 2263 2434; x_wconf 86' lang='lat' dir='ltr'><strong>Quos</strong></span> <span class='ocrx_word' id='word_1_153' title='bbox 2301 2364 2377 2418; x_wconf 83' lang='lat' dir='ltr'><strong>ille</strong></span> 
     </span>
     <span class='ocr_line' id='line_1_24' title="bbox 452 2453 2378 2531; baseline -0.003 -19"><span class='ocrx_word' id='word_1_154' title='bbox 452 2459 727 2531; x_wconf 87' lang='lat' dir='ltr'><strong>protinus</strong></span> <span class='ocrx_word' id='word_1_155' title='bbox 765 2455 952 2527; x_wconf 82' lang='lat' dir='ltr'><strong>jussit</strong></span> <span class='ocrx_word' id='word_1_156' title='bbox 998 2453 1244 2524; x_wconf 85' lang='lat' dir='ltr'><strong>admitti,</strong></span> <span class='ocrx_word' id='word_1_157' title='bbox 1301 2453 1633 2525; x_wconf 90' lang='lat' dir='ltr'><strong>solutisque</strong></span> <span class='ocrx_word' id='word_1_158' title='bbox 1681 2454 1903 2525; x_wconf 86' lang='lat' dir='ltr'><strong>fasciis,</strong></span> <span class='ocrx_word' id='word_1_159' title='bbox 1945 2459 2378 2528; x_wconf 79' lang='lat' dir='ltr'><strong>magnitudinem</strong></span> 
     </span>
     <span class='ocr_line' id='line_1_25' title="bbox 453 2542 2380 2621; baseline -0.004 -17"><span class='ocrx_word' id='word_1_160' title='bbox 453 2548 725 2604; x_wconf 80' lang='lat' dir='ltr'><strong>vulneris</strong></span> <span class='ocrx_word' id='word_1_161' title='bbox 753 2544 1162 2610; x_wconf 76' lang='lat' dir='ltr'><strong>dissimulanS‚</strong></span> <span class='ocrx_word' id='word_1_162' title='bbox 1192 2556 1332 2597; x_wconf 90' lang='lat' dir='ltr'><strong>crus</strong></span> <span class='ocrx_word' id='word_1_163' title='bbox 1361 2542 1637 2598; x_wconf 85' lang='lat' dir='ltr'><strong>barbaris</strong></span> <span class='ocrx_word' id='word_1_164' title='bbox 1665 2545 1941 2603; x_wconf 89' lang='lat' dir='ltr'><strong>ostendit.</strong></span> <span class='ocrx_word' id='word_1_165' title='bbox 1973 2547 2065 2602; x_wconf 92' lang='lat' dir='ltr'><strong>Illi</strong></span> <span class='ocrx_word' id='word_1_166' title='bbox 2095 2549 2250 2621; x_wconf 81' lang='lat' dir='ltr'><strong>jussi</strong></span> <span class='ocrx_word' id='word_1_167' title='bbox 2273 2559 2380 2601; x_wconf 89' lang='lat' dir='ltr'><strong>con·</strong></span> 
     </span>
     <span class='ocr_line' id='line_1_26' title="bbox 455 2632 2380 2708; baseline -0.004 -13"><span class='ocrx_word' id='word_1_168' title='bbox 455 2639 678 2708; x_wconf 83' lang='lat' dir='ltr'><strong>sidere,</strong></span> <span class='ocrx_word' id='word_1_169' title='bbox 726 2636 1022 2692; x_wconf 82' lang='lat' dir='ltr'><strong>affirmant</strong></span> <span class='ocrx_word' id='word_1_170' title='bbox 1073 2656 1095 2683; x_wconf 90' lang='lat'>«</span> <span class='ocrx_word' id='word_1_171' title='bbox 1140 2648 1260 2688; x_wconf 89' lang='lat' dir='ltr'><strong>non</strong></span> <span class='ocrx_word' id='word_1_172' title='bbox 1308 2632 1661 2689; x_wconf 79' lang='lat' dir='ltr'><strong>Macedones</strong></span> <span class='ocrx_word' id='word_1_173' title='bbox 1696 2650 1870 2705; x_wconf 90' lang='lat' dir='ltr'><strong>quam</strong></span> <span class='ocrx_word' id='word_1_174' title='bbox 1915 2637 2083 2708; x_wconf 89' lang='lat' dir='ltr'><strong>ipsos</strong></span> <span class='ocrx_word' id='word_1_175' title='bbox 2123 2637 2380 2693; x_wconf 83' lang='lat' dir='ltr'><strong>tristiores</strong></span> 
     </span>
     <span class='ocr_line' id='line_1_27' title="bbox 456 2721 2379 2800; baseline -0.003 -18"><span class='ocrx_word' id='word_1_176' title='bbox 456 2727 670 2797; x_wconf 85' lang='lat' dir='ltr'><strong>fuisse,</strong></span> <span class='ocrx_word' id='word_1_177' title='bbox 701 2727 934 2799; x_wconf 83' lang='lat' dir='ltr'><strong>cognito</strong></span> <span class='ocrx_word' id='word_1_178' title='bbox 963 2725 1210 2779; x_wconf 82' lang='lat' dir='ltr'><strong>vulnere</strong></span> <span class='ocrx_word' id='word_1_179' title='bbox 1248 2722 1463 2792; x_wconf 90' lang='lat' dir='ltr'><strong>ipsius,</strong></span> <span class='ocrx_word' id='word_1_180' title='bbox 1493 2721 1667 2795; x_wconf 81' lang='lat' dir='ltr'><strong>cujus</strong></span> <span class='ocrx_word' id='word_1_181' title='bbox 1704 2725 1757 2779; x_wconf 90' lang='lat' dir='ltr'><strong>si</strong></span> <span class='ocrx_word' id='word_1_182' title='bbox 1787 2729 2085 2783; x_wconf 81' lang='lat' dir='ltr'><strong>auctorem</strong></span> <span class='ocrx_word' id='word_1_183' title='bbox 2119 2725 2379 2800; x_wconf 85' lang='lat' dir='ltr'><strong>repperis-</strong></span> 
     </span>
     <span class='ocr_line' id='line_1_28' title="bbox 457 2811 2379 2888; baseline -0.002 -14"><span class='ocrx_word' id='word_1_184' title='bbox 457 2820 612 2888; x_wconf 85' lang='lat' dir='ltr'><strong>sent,</strong></span> <span class='ocrx_word' id='word_1_185' title='bbox 643 2816 951 2871; x_wconf 89' lang='lat' dir='ltr'><strong>dedituros</strong></span> <span class='ocrx_word' id='word_1_186' title='bbox 986 2811 1216 2869; x_wconf 78' lang='lat' dir='ltr'><strong>fuisse⁴</strong></span> <span class='ocrx_word' id='word_1_187' title='bbox 1251 2828 1269 2867; x_wconf 69' lang='grc' dir='ltr'><strong>ι</strong></span> <span class='ocrx_word' id='word_1_188' title='bbox 1299 2827 1430 2868; x_wconf 89' lang='lat' dir='ltr'><strong>cum</strong></span> <span class='ocrx_word' id='word_1_189' title='bbox 1457 2811 1552 2866; x_wconf 86' lang='lat' dir='ltr'><strong>dis</strong></span> <span class='ocrx_word' id='word_1_190' title='bbox 1595 2814 1751 2867; x_wconf 89' lang='lat' dir='ltr'><strong>enim</strong></span> <span class='ocrx_word' id='word_1_191' title='bbox 1788 2830 2055 2885; x_wconf 83' lang='lat' dir='ltr'><strong>pugnare</strong></span> <span class='ocrx_word' id='word_1_192' title='bbox 2098 2816 2379 2886; x_wconf 84' lang='lat' dir='ltr'><strong>sacrilegos</strong></span> 
     </span>
     <span class='ocr_line' id='line_1_29' title="bbox 459 2901 2376 2977; baseline -0.003 -16"><span class='ocrx_word' id='word_1_193' title='bbox 459 2909 705 2961; x_wconf 88' lang='lat' dir='ltr'><strong>tantum.</strong></span> <span class='ocrx_word' id='word_1_194' title='bbox 733 2903 1007 2959; x_wconf 88' lang='lat' dir='ltr'><strong>Ceterum</strong></span> <span class='ocrx_word' id='word_1_195' title='bbox 1037 2919 1101 2958; x_wconf 90' lang='lat' dir='ltr'><strong>se</strong></span> <span class='ocrx_word' id='word_1_196' title='bbox 1129 2905 1368 2974; x_wconf 81' lang='lat' dir='ltr'><strong>gentem</strong></span> <span class='ocrx_word' id='word_1_197' title='bbox 1397 2901 1459 2955; x_wconf 91' lang='lat' dir='ltr'><strong>in</strong></span> <span class='ocrx_word' id='word_1_198' title='bbox 1491 2901 1662 2956; x_wconf 88' lang='lat' dir='ltr'><strong>fidem</strong></span> <span class='ocrx_word' id='word_1_199' title='bbox 1693 2903 1924 2973; x_wconf 88' lang='lat' dir='ltr'><strong>dedere,</strong></span> <span class='ocrx_word' id='word_1_200' title='bbox 1955 2911 2251 2977; x_wconf 87' lang='lat' dir='ltr'><strong>superatos</strong></span> <span class='ocrx_word' id='word_1_201' title='bbox 2277 2903 2376 2955; x_wconf 84' lang='lat' dir='ltr'><strong>vir·</strong></span> 
     </span>
     <span class='ocr_line' id='line_1_30' title="bbox 458 2990 2372 3068; baseline -0.004 -16"><span class='ocrx_word' id='word_1_202' title='bbox 458 3000 579 3052; x_wconf 84' lang='lat' dir='ltr'><strong>tute</strong></span> <span class='ocrx_word' id='word_1_203' title='bbox 599 2990 783 3051; x_wconf 81' lang='lat' dir='ltr'><strong>illius.</strong></span> <span class='ocrx_word' id='word_1_204' title='bbox 819 3015 842 3042; x_wconf 75' lang='lat' dir='ltr'><strong>n</strong></span> <span class='ocrx_word' id='word_1_205' title='bbox 877 2994 1027 3062; x_wconf 88' lang='lat' dir='ltr'><strong>Rex,</strong></span> <span class='ocrx_word' id='word_1_206' title='bbox 1058 2990 1172 3046; x_wconf 85' lang='lat' dir='ltr'><strong>fide</strong></span> <span class='ocrx_word' id='word_1_207' title='bbox 1201 2990 1355 3057; x_wconf 87' lang='lat' dir='ltr'><strong>data,</strong></span> <span class='ocrx_word' id='word_1_208' title='bbox 1389 2993 1444 3067; x_wconf 85' lang='lat' dir='ltr'><strong>et</strong></span> <span class='ocrx_word' id='word_1_209' title='bbox 1489 2992 1743 3062; x_wconf 87' lang='lat' dir='ltr'><strong>captivis</strong></span> <span class='ocrx_word' id='word_1_210' title='bbox 1785 2995 2060 3064; x_wconf 80' lang='lat' dir='ltr'><strong>receptiS,</strong></span> <span class='ocrx_word' id='word_1_211' title='bbox 2090 2998 2303 3068; x_wconf 82' lang='lat' dir='ltr'><strong>gentem</strong></span> <span class='ocrx_word' id='word_1_212' title='bbox 2326 2990 2372 3042; x_wconf 88' lang='lat' dir='ltr'><strong>in</strong></span> 
     </span>
     <span class='ocr_line' id='line_1_31' title="bbox 458 3082 1086 3151; baseline -0.008 -13"><span class='ocrx_word' id='word_1_213' title='bbox 458 3083 813 3139; x_wconf 86' lang='lat' dir='ltr'><strong>deditionem</strong></span> <span class='ocrx_word' id='word_1_214' title='bbox 841 3082 1086 3151; x_wconf 89' lang='lat' dir='ltr'><strong>accepit.</strong></span> 
     </span>
    </p>

    <p class='ocr_par' dir='ltr' id='par_1_11' title="bbox 530 3164 2377 3244">
     <span class='ocr_line' id='line_1_32' title="bbox 530 3164 2377 3244; baseline -0.001 -17"><span class='ocrx_word' id='word_1_215' title='bbox 530 3171 750 3228; x_wconf 83' lang='lat' dir='ltr'><strong>Castris</strong></span> <span class='ocrx_word' id='word_1_216' title='bbox 793 3168 930 3224; x_wconf 89' lang='lat' dir='ltr'><strong>inde</strong></span> <span class='ocrx_word' id='word_1_217' title='bbox 967 3168 1168 3239; x_wconf 78' lang='lat' dir='ltr'><strong>motiS,</strong></span> <span class='ocrx_word' id='word_1_218' title='bbox 1199 3164 1448 3224; x_wconf 82' lang='lat' dir='ltr'><strong>lectica*</strong></span> <span class='ocrx_word' id='word_1_219' title='bbox 1477 3168 1715 3224; x_wconf 88' lang='lat' dir='ltr'><strong>militari</strong></span> <span class='ocrx_word' id='word_1_220' title='bbox 1750 3168 2067 3244; x_wconf 83' lang='lat' dir='ltr'><strong>ferebatur,</strong></span> <span class='ocrx_word' id='word_1_221' title='bbox 2097 3186 2251 3243; x_wconf 85' lang='lat' dir='ltr'><strong>quam</strong></span> <span class='ocrx_word' id='word_1_222' title='bbox 2281 3182 2377 3239; x_wconf 86' lang='lat' dir='ltr'><strong>pro</strong></span> 
     </span>
    </p>
   </div>
   <div class='ocr_carea' id='block_1_10' title="bbox 512 3362 2063 3548">
    <p class='ocr_par' dir='ltr' id='par_1_12' title="bbox 512 3362 2063 3548">
     <span class='ocr_line' id='line_1_33' title="bbox 512 3362 1098 3420; baseline -0.01 -6"><span class='ocrx_word' id='word_1_223' title='bbox 512 3372 587 3414; x_wconf 70' lang='lat'><strong>42.</strong></span> <span class='ocrx_word' id='word_1_224' title='bbox 618 3364 682 3411; x_wconf 84' lang='lat' dir='ltr'><strong>Eo</strong></span> <span class='ocrx_word' id='word_1_225' title='bbox 712 3363 821 3420; x_wconf 87' lang='lat' dir='ltr'><strong>loco,</strong></span> <span class='ocrx_word' id='word_1_226' title='bbox 849 3365 899 3416; x_wconf 76' lang='lat' dir='ltr'><strong>V,</strong></span> <span class='ocrx_word' id='word_1_227' title='bbox 928 3363 999 3416; x_wconf 79' lang='lat'><strong>13,</strong></span> <span class='ocrx_word' id='word_1_228' title='bbox 1023 3362 1098 3408; x_wconf 70' lang='lat'><strong>24.</strong></span> 
     </span>
     <span class='ocr_line' id='line_1_34' title="bbox 514 3422 2063 3488; baseline 0.003 -13"><span class='ocrx_word' id='word_1_229' title='bbox 514 3435 588 3475; x_wconf 80' lang='lat' dir='ltr'><strong>vl.</strong></span> <span class='ocrx_word' id='word_1_230' title='bbox 617 3451 671 3462; x_wconf 96' lang='lat'>—</span> <span class='ocrx_word' id='word_1_231' title='bbox 699 3433 741 3472; x_wconf 85' lang='lat'><strong>1.</strong></span> <span class='ocrx_word' id='word_1_232' title='bbox 775 3427 965 3479; x_wconf 72' lang='lat' dir='ltr'><strong>Puqnam</strong></span> <span class='ocrx_word' id='word_1_233' title='bbox 994 3425 1217 3477; x_wconf 78' lang='lat' dir='ltr'><strong>invadere,</strong></span> <span class='ocrx_word' id='word_1_234' title='bbox 1248 3426 1368 3469; x_wconf 87' lang='lat' dir='ltr'><strong>n&#39;est</strong></span> <span class='ocrx_word' id='word_1_235' title='bbox 1396 3437 1475 3480; x_wconf 89' lang='lat' dir='ltr'><strong>pas</strong></span> <span class='ocrx_word' id='word_1_236' title='bbox 1495 3422 1552 3471; x_wconf 91' lang='lat' dir='ltr'><strong>de</strong></span> <span class='ocrx_word' id='word_1_237' title='bbox 1571 3424 1781 3484; x_wconf 79' lang='lat' dir='ltr'><strong>l’epoque</strong></span> <span class='ocrx_word' id='word_1_238' title='bbox 1808 3431 2063 3488; x_wconf 81' lang='lat' dir='ltr'><strong>classique.</strong></span> 
     </span>
     <span class='ocr_line' id='line_1_35' title="bbox 514 3487 1818 3548; baseline 0.001 -11"><span class='ocrx_word' id='word_1_239' title='bbox 514 3499 564 3539; x_wconf 80' lang='lat'><strong>2.</strong></span> <span class='ocrx_word' id='word_1_240' title='bbox 596 3489 785 3537; x_wconf 75' lang='lat' dir='ltr'><strong>Attoniti</strong></span> <span class='ocrx_word' id='word_1_241' title='bbox 812 3489 928 3532; x_wconf 86' lang='lat' dir='ltr'><strong>dans</strong></span> <span class='ocrx_word' id='word_1_242' title='bbox 948 3499 1032 3531; x_wconf 87' lang='lat' dir='ltr'><strong>son</strong></span> <span class='ocrx_word' id='word_1_243' title='bbox 1060 3499 1166 3531; x_wconf 89' lang='lat' dir='ltr'><strong>sens</strong></span> <span class='ocrx_word' id='word_1_244' title='bbox 1185 3487 1546 3548; x_wconf 72' lang='lat' dir='ltr'><strong>etymologique,</strong></span> <span class='ocrx_word' id='word_1_245' title='bbox 1562 3493 1617 3534; x_wconf 75' lang='lat' dir='ltr'><strong>aa</strong></span> <span class='ocrx_word' id='word_1_246' title='bbox 1644 3497 1818 3539; x_wconf 80' lang='lat' dir='ltr'><strong>tonare.</strong></span> 
     </span>
    </p>
   </div>
   <div class='ocr_carea' id='block_1_11' title="bbox 465 3549 2375 3672">
    <p class='ocr_par' dir='ltr' id='par_1_13' title="bbox 465 3549 2375 3672">
     <span class='ocr_line' id='line_1_36' title="bbox 465 3549 2375 3657; baseline 0.002 -63"><span class='ocrx_word' id='word_1_247' title='bbox 465 3619 483 3651; x_wconf 62' lang='grc' dir='ltr'>ι</span> <span class='ocrx_word' id='word_1_248' title='bbox 514 3557 561 3601; x_wconf 86' lang='grc'><strong>3.</strong></span> <span class='ocrx_word' id='word_1_249' title='bbox 596 3550 690 3657; x_wconf 64' lang='lat' dir='ltr'><strong>Rtex</strong></span> <span class='ocrx_word' id='word_1_250' title='bbox 702 3550 964 3656; x_wconf 42' lang='lat' dir='ltr'><strong>abductus.</strong></span> <span class='ocrx_word' id='word_1_251' title='bbox 991 3552 1051 3592; x_wconf 81' lang='lat' dir='ltr'><strong>Le</strong></span> <span class='ocrx_word' id='word_1_252' title='bbox 1080 3549 1311 3603; x_wconf 81' lang='lat' dir='ltr'><strong>participe</strong></span> <span class='ocrx_word' id='word_1_253' title='bbox 1335 3551 1477 3606; x_wconf 75' lang='lat' dir='ltr'><strong>passe</strong></span> <span class='ocrx_word' id='word_1_254' title='bbox 1493 3553 1784 3612; x_wconf 65' lang='lat' dir='ltr'><strong>templacant‘</strong></span> <span class='ocrx_word' id='word_1_255' title='bbox 1807 3556 1852 3601; x_wconf 84' lang='lat' dir='ltr'><strong>le</strong></span> <span class='ocrx_word' id='word_1_256' title='bbox 1876 3569 1986 3603; x_wconf 91' lang='lat' dir='ltr'><strong>nom</strong></span> <span class='ocrx_word' id='word_1_257' title='bbox 2002 3557 2198 3606; x_wconf 78' lang='lat' dir='ltr'><strong>abstrait.</strong></span> <span class='ocrx_word' id='word_1_258' title='bbox 2217 3553 2279 3601; x_wconf 79' lang='lat' dir='ltr'><strong>cf.</strong></span> <span class='ocrx_word' id='word_1_259' title='bbox 2312 3557 2375 3608; x_wconf 78' lang='lat'><strong>111,</strong></span> 
     </span>
     <span class='ocr_line' id='line_1_37' title="bbox 485 3626 774 3672; baseline -0.01 -14"><span class='ocrx_word' id='word_1_260' title='bbox 485 3629 530 3672; x_wconf 85' lang='lat' dir='ltr'><strong>v,</strong></span> <span class='ocrx_word' id='word_1_261' title='bbox 563 3626 621 3658; x_wconf 90' lang='lat' dir='ltr'><strong>no</strong></span> <span class='ocrx_word' id='word_1_262' title='bbox 645 3626 671 3657; x_wconf 89' lang='lat' dir='ltr'><strong>e</strong></span> <span class='ocrx_word' id='word_1_263' title='bbox 759 3640 774 3655; x_wconf 91' lang='lat'><strong>.</strong></span> 
     </span>
    </p>
   </div>
   <div class='ocr_carea' id='block_1_12' title="bbox 520 3670 1536 3731">
    <p class='ocr_par' dir='ltr' id='par_1_14' title="bbox 520 3670 1536 3731">
     <span class='ocr_line' id='line_1_38' title="bbox 520 3670 1536 3731; baseline 0.001 -11"><span class='ocrx_word' id='word_1_264' title='bbox 520 3677 568 3722; x_wconf 69' lang='lat'><strong>4.</strong></span> <span class='ocrx_word' id='word_1_265' title='bbox 599 3674 835 3721; x_wconf 75' lang='lat' dir='ltr'><strong>vedituroe</strong></span> <span class='ocrx_word' id='word_1_266' title='bbox 861 3671 1019 3727; x_wconf 73' lang='lat' dir='ltr'><strong>fuisso,</strong></span> <span class='ocrx_word' id='word_1_267' title='bbox 1042 3670 1208 3729; x_wconf 70' lang='lat' dir='ltr'><strong>ellipse</strong></span> <span class='ocrx_word' id='word_1_268' title='bbox 1231 3672 1295 3719; x_wconf 86' lang='lat' dir='ltr'><strong>du</strong></span> <span class='ocrx_word' id='word_1_269' title='bbox 1323 3674 1445 3731; x_wconf 76' lang='lat' dir='ltr'><strong>sujet</strong></span> <span class='ocrx_word' id='word_1_270' title='bbox 1472 3688 1536 3722; x_wconf 76' lang='lat' dir='ltr'><strong>ee.</strong></span> 
     </span>
    </p>
   </div>
  </div>
 </body>
</html>
