2517 3975
615 237 1007 278 nis-ronunma
1043 236 1379 278 Amxmnm
1417 238 1521 293 vn,
1560 237 1643 278 vr.
2014 223 2117 278 241

171 342 458 399 credebat.
498 344 767 402 Ceterum
805 348 1125 420 pertinacia
1174 335 1608 417 ¹oppidanorum
1653 345 1804 399 iram
1851 344 1984 417 ejus
2027 361 2126 400 ac-

172 434 372 488 cendit.
414 435 610 507 Itaque
649 440 878 508 captam
923 436 1130 492 urbem
1168 438 1344 507 diripi
1376 435 1587 507 jussit.
1628 436 1831 490 Deleta
1868 451 1955 503 ea,
2000 436 2124 490 Me-

168 526 422 577 macenis
450 524 600 579 haud
630 525 854 598 injuria
881 525 1158 594 infestus,
1190 526 1265 580 ad
1300 524 1659 597 Meleagrum
1699 527 1756 579 et
1787 524 2125 579 Perdiccam

168 612 330 665 redit.
362 612 475 668 Sed
505 630 623 668 non
651 615 765 669 alia
794 614 942 669 urbs
970 614 1187 669 fortius
1217 614 1587 669 ohsidionem
1615 614 1747 668 tulit
1776 631 1791 667 t
1824 617 2039 684 quippe
2068 616 2126 668 et

168 701 406 755 militum
436 703 867 773 promptissimi
896 702 1272 767 cecidere‚-et
1299 703 1429 772 ipse
1457 718 1567 757 rex
1584 702 1658 756 ad
1677 702 1950 757 ultimum
1979 704 2128 773 peri-

170 791 352 844 culum
389 793 582 847 venit.
630 792 898 862 Namque
934 792 1197 847 cervix'⁰
1234 790 1371 862 ejus
1414 807 1563 847 saxo
1608 791 1693 846 ita
1738 793 1852 847 icta
1891 797 2003 857 est,
2039 795 2123 859 ut,

170 879 346 933 oculis
400 880 659 951 caligine
717 879 907 935 offusa
929 920 945 950 ‚
1003 880 1429 947 collaberetur,
1490 894 1567 934 ne
1621 882 1838 935 mentis
1892 881 2129 951 quidem

169 983 432 1039 compos:
467 970 770 1025 exercitus
810 975 963 1025 certe
991 970 1153 1024 velut
1181 973 1381 1040 erepto
1413 967 1517 1042 [in]
1548 984 1616 1024 eo
1646 968 1952 1041 ingemuit.
1986 969 2123 1036 Sed,
2183 986 2200 1007 υ

169 1055 412 1112 invictus
452 1059 746 1113 adversus
789 1075 857 1113 ea
896 1071 1021 1130 quae
1061 1065 1286 1113 ceteros
1325 1059 1570 1125 terrent,
1608 1058 1872 1113 nondum
1914 1073 2125 1129 percu·

168 1148 283 1200 rato
305 1148 575 1216 vulnere,
601 1148 798 1203 acrius
827 1147 1127 1202 obsidioni
1157 1145 1389 1214 institit,
1412 1150 1738 1202 naturalem
1768 1148 2128 1202 celeritatem

170 1233 248 1288 ira
293 1236 642 1291 concitante.
695 1234 977 1290 Cuniculo
1007 1234 1031 1257 *
1079 1251 1220 1307 ergo
1269 1227 1536 1289 suffossa
1564 1234 1601 1263 ’¹
1653 1236 1870 1289 moenia
1914 1235 2128 1307 ingens

168 1322 454 1380 nudavere
486 1325 768 1396 spatium,
801 1341 912 1397 per
940 1323 1098 1398 quod
1132 1323 1365 1395 irrupit,
1398 1325 1700 1394 victorque
1727 1325 1940 1379 urbem
1970 1325 2127 1378 dirui

164 1410 356 1482 jussit.
1258 1417 1264 1424 '
1487 1423 1494 1426 ’

230 1501 376 1562 Hinc
425 1501 841 1559 Menedemum
872 1520 1002 1558 cum
1049 1502 1245 1559 tribus
1292 1502 1560 1558 millibus
1605 1501 1952 1573 peditum‘et
1980 1518 2126 1559 nccc

169 1592 447 1662 equitibus
477 1592 557 1647 ad
583 1592 793 1647 urbem
815 1591 1159 1647 Maracanda
1179 1593 1364 1647 misit.
1398 1592 1771 1663 Spitamenes
1791 1592 2124 1663 transfuga,

169 1683 433 1751 praesidio
462 1681 852 1737 Macedonum
882 1681 1019 1737 inde
1066 1682 1313 1754 dejecto,
1346 1683 1533 1737 muris
1570 1683 1740 1737 urbis
1779 1682 1912 1754 ejus
1940 1683 2127 1737 inclu-

171 1774 316 1826 serat
360 1788 448 1837 se,
489 1772 649 1826 haud
691 1771 999 1842 oppidanis
1035 1773 1354 1826 consilium
1393 1772 1737 1828 defectionis
1785 1772 2126 1844 approban-

170 1858 338 1916 tibus·
359 1862 547 1934 Sequi
573 1865 771 1915 tamen
792 1861 1162 1926 videbantur,
1187 1862 1324 1932 quia
1351 1863 1671 1933 prohibere
1694 1878 1814 1917 non
1834 1866 2126 1933 poterant.

231 1950 474 2006 Interim
501 1949 841 2007 Alexander
879 1950 951 2006 ad
988 1951 1231 2007 Tanaim
1273 1959 1504 2007 amnem
1540 1952 1708 2020 redit,
1742 1955 1815 2021 et,
1849 1955 2127 2022 quantum

172 2039 277 2093 soli
305 2043 701 2111 occupaverat
729 2041 945 2095 castris
963 2040 1004 2109 *‚
1029 2056 1196 2095 muro
1227 2041 1635 2097 circumdedit.
1665 2057 1741 2095 Lx
1761 2041 2127 2096 stadiorum*

169 2128 326 2184 urbis
355 2146 571 2186 murus
609 2129 719 2184 fuit
753 2130 959 2185 :'hanc
992 2146 1225 2203 quoque
1269 2129 1478 2185 urbem
1516 2130 1987 2185 Alexandriam’²
2015 2147 2125 2201 ap-

169 2220 367 2288 pellari
397 2220 613 2292 jussit.
643 2218 801 2291 Opus
842 2222 1004 2274 tanta
1049 2221 1348 2275 celeritate
1394 2218 1724 2290 perfectum
1762 2224 1874 2289 est,
1907 2224 1970 2275 ut
2004 2236 2129 2275 xvn

171 2306 255 2362 die
294 2325 471 2380 quam
492 2309 535 2336 ²³
564 2308 927 2364 munimenta
975 2311 1228 2365 excitata
1276 2312 1462 2376 erant,
1507 2312 1655 2364 tecta
1694 2325 1924 2381 quoque
1961 2310 2129 2364 urhis

173 2394 640 2455 absolx’rerentur.
676 2399 893 2470 Ingens
922 2399 1171 2454 militum
1205 2401 1501 2453 certamen
1539 2400 1694 2453 inter
1722 2399 1887 2470 ipsos
1914 2392 2126 2467 fuerat,

173 2493 229 2540 ut
270 2504 445 2543 suum
495 2488 750 2559 quisque
796 2504 1015 2543 munus
1053 2519 1120 2529 —
1161 2504 1297 2553 nam
1333 2489 1594 2543 divisum
1643 2493 1866 2544 erat-
1901 2491 2130 2559 primus

175 2574 789 2633 ostenderet.‘1ncolae
837 2576 1007 2632 n'ovae
1055 2578 1191 2634 urbi
1239 2578 1361 2632 dati
1406 2579 1641 2649 captivi,
1689 2595 1855 2651 quOS,
1901 2580 2128 2634 reddito

173 2667 371 2735 pretio,
406 2666 665 2721 dominis
694 2665 986 2736 liberavit,
1009 2682 1260 2738 quorum
1282 2667 1509 2737 posteri
1537 2682 1691 2721 nunc
1713 2680 1948 2738 quoque
1976 2667 2129 2737 apud

175 2754 325 2809 eos’⁴
360 2757 484 2810 tam
529 2753 710 2825 longa
747 2757 937 2822 aetate,
969 2757 1205 2825 propter
1252 2755 1594 2810 memoriam
1640 2755 1980 2826 Alexandri,
2012 2773 2129 2812 non

177 2844 327 2901 exele
334 2846 549 2902 verunt
563 2843 625 2899 ‘⁸.
1911 2838 1922 2841 ’

186 3100 193 3133 ,
222 3075 292 3124 20.
324 3077 501 3122 Gemite.
531 3078 619 3121 Sur
637 3087 692 3120 ce
712 3081 820 3130 mot,
847 3075 912 3123 cf.
938 3080 1096 3131 v1,m,
1123 3082 1231 3122 note
1261 3082 1303 3123 8.

204 3137 293 3241 r21.
327 3140 527 3194 suffossa
554 3138 725 3184 moent'a.
741 3142 802 3183 Le
822 3139 1048 3195 participe
1065 3141 1202 3195 passe
1222 3139 1495 3196 equivalent
1514 3140 1621 3185 d’un
1644 3141 1902 3187 substantii
1920 3143 2133 3195 abstrait,

179 3209 200 3242 c
221 3204 657 3307 ’Ξῖιξῐᾌιιιέωἰῖιξιῗ-ἰῖῗῇ.
693 3266 814 3309 C'est
840 3264 1191 3320 probablement
1227 3265 1276 3309 la
1306 3266 1414 3309 ville
1443 3267 1661 3311 moderno
1690 3268 1747 3312 de
1776 3269 2025 3325 Khodjent,
2051 3280 2136 3312 sur

180 3321 221 3366 le
246 3325 491 3377 Sir-naria,
516 3325 806 3381 aujourd'hui
836 3328 1101 3380 possession
1125 3338 1278 3372 russe.

225 3386 297 3430 23.
332 3389 465 3439 Quam
494 3396 610 3443 pour
633 3392 876 3443 postquam,
899 3389 957 3432 cf.
987 3392 1056 3443 IV,
1088 3396 1155 3441 iv,
1184 3395 1294 3434 note
1319 3396 1388 3437 ¹6.

227 3449 297 3493 24.
329 3450 456 3504 Apud
480 3462 570 3504 eos,
597 3450 712 3495 chez
744 3463 797 3495 ce
818 3452 1007 3506 peuple,
1031 3454 1092 3496 tel
1117 3453 1230 3507 qu'il
1251 3460 1326 3497 est
1356 3454 1418 3498 du
1449 3459 1597 3511 temps
1623 3455 1680 3500 de
1706 3456 1875 3509 Quinte
1900 3459 2066 3503 curce.

228 3510 414 3617 25315012
441 3513 738 3570 exoleverunt,
765 3523 828 3557 ne
857 3524 906 3557 se
928 3518 1032 3558 sont
1059 3524 1144 3568 pas
1167 3525 1336 3560 encore
1358 3516 1543 3574 effaceS,
1566 3529 1617 3562 se
1644 3519 1935 3572 distinguent
1965 3525 2130 3560 encore

184 3582 318 3624 parmi
364 3587 417 3619 es
444 3581 624 3622 autres·
1114 3586 1119 3591 '

1887 3675 1943 3723 14

2181 351 2247 406 21

2181 619 2252 673 22

2179 1512 2249 1567 24

2183 1957 2249 2014 25

2184 2582 2253 2636 27
