2517 3975
692 211 1087 251 ms'romARuu
1125 211 1459 251 AmxAnnm
1493 214 1579 264 xx,
1616 213 1678 250 v.
2064 194 2169 249 333

204 316 541 373 Clitarchus
558 317 600 345 ¹⁸
636 322 693 373 et
721 319 1080 390 Timagenes
1098 319 1158 374 ¹⁹.
1194 318 1313 375 Sed
1352 321 1505 389 ipse,
1538 319 1768 375 scilicet
1801 320 2011 391 gloriae
2042 333 2168 374 suaa

202 421 328 461 non
370 405 708 478 refragatus
736 407 797 477 ²⁰,
846 407 1110 462 abfuisse
1158 424 1244 475 se,
1292 409 1548 463 missum
1592 409 1654 464 in
1701 407 2160 479 expeditionem,

203 495 508 552 memoriae
536 496 796 552 tradidit.
830 497 1010 551 Tanta
1050 498 1528 567 componentium
1557 500 1784 552 vetusta
1814 513 2011 554 rer-um
2038 511 2170 551 mo-

202 586 489 639 numenta
528 584 624 639 vel
671 584 959 640 securitas
986 586 1046 656 ²⁴,
1077 586 1194 656 vel,
1241 601 1352 656 par
1396 587 1533 641 huic
1580 587 1809 656 vitium,
1863 585 2173 640 credulitas

203 672 343 727 fuit!

275 763 446 833 Rege
499 762 561 816 in
613 762 1055 835 tabernaculum
1100 764 1309 837 relato,
1358 763 1572 819 medici
1620 763 1845 835 lignum
1889 765 2123 834 sagittae
2151 763 2171 784 *
2225 760 2293 812 22

205 850 448 920 corpori
475 850 674 905 infixae
704 853 801 919 ita,
834 868 908 906 ne
934 851 1265 923 spiculum*
1285 856 1640 917 moveretur,
1672 851 2001 906 abscidunt.
2026 851 2173 907 Cor-
2226 848 2295 901 23

204 955 352 1011 pore
390 938 601 993 deinde
639 940 880 1010 nudato,
925 942 1401 996 animadvertunt
1451 940 1704 995 hamos*
1742 942 1944 995 inesse
1988 940 2147 994 telo*
2155 982 2169 1005 ,

208 1043 320 1082 nec
363 1026 532 1080 aliter
576 1028 634 1082 id
679 1028 813 1083 sine
857 1030 1120 1098 peinicie
1165 1030 1439 1100 corporis
1483 1029 1714 1083 extiahi
1757 1044 1957 1099 posse,
2004 1044 2172 1099 quam

207 1116 329 1171 ut²¹²
359 1116 614 1171 secando
658 1118 872 1173 vulnus
921 1122 1227 1190 augerent.
1263 1117 1559 1187 Ceter,um
1601 1133 1675 1172 ne
1719 1121 1990 1173 secantes
2036 1131 2173 1187 pro·
2225 1115 2293 1168 ‘24

207 1203 453 1258 fluvium
499 1206 813 1277 sanguinis
868 1209 1197 1277 occuparet,
1236 1206 1646 1260 verebantur:
1691 1207 1905 1276 quippe
1952 1207 2172 1276 ingens

206 1291 389 1347 telum
407 1290 428 1308 ¹²
455 1292 723 1348 adactum
748 1298 893 1360 erat,
927 1297 984 1348 et
1010 1298 1360 1365 penetrasse
1396 1294 1459 1347 in
1490 1292 1719 1347 viscera
1749 1294 2077 1347 videbatur.

272 1379 633 1453 CritobuluS,
667 1384 821 1437 inter
857 1383 1121 1438 medicos
1159 1384 1308 1436 artis
1350 1382 1604 1448 eximiae,
1640 1381 1745 1436 sed
1784 1383 1844 1434 in
1876 1386 2036 1436 tanto
2069 1396 2173 1450 pe·
2226 1378 2297 1432 25

203 1470 392 1525 riculo
434 1470 692 1537 territus,
725 1487 939 1526 manus
985 1471 1297 1526 admovere
1345 1469 1638 1524 metuebat
1658 1469 1719 1537 ²³,
1760 1485 1835 1524 ne
1879 1471 1943 1522 in
1981 1469 2174 1538 ipsius

204 1561 376 1628 caput
406 1573 611 1626 parum
637 1573 942 1627 prosperae
972 1560 1300 1614 curationis
1342 1557 1632 1612 recideret
1670 1559 1945 1611 eventus.
1974 1556 2174 1611 Lacri-
2228 1557 2298 1612 26

200 1649 467 1701 mantem
507 1662 643 1701 eum
682 1663 749 1701 ac
791 1651 1168 1718 metuentem,
1209 1651 1269 1702 et
1306 1646 1709 1702 sollicitudine
1746 1646 2175 1716 propemodum

205 1751 589 1806 exsanguem,
620 1750 729 1789 rex
752 1739 1163 1807 conspexerat.
1189 1760 1212 1784 α
1239 1736 1412 1806 Quid,
1445 1735 1656 1806 inquit,
1685 1734 1915 1804 quodve
1942 1736 2174 1803 tempus

205 1826 539 1893 exspectaS,
570 1827 623 1877 et
655 1840 773 1878 non
805 1826 1237 1895 quamprimum
1264 1825 1377 1879 hoc
1406 1824 1606 1879 dolore
1636 1839 1728 1878 me
1757 1824 1965 1876 saltem
1995 1822 2177 1876 mori-

209 1917 407 1991 turum
434 1912 693 1968 liberas?
713 1915 805 1967 An
830 1914 1003 1968 times
1032 1929 1106 1969 ne
1136 1929 1278 1967 reus
1308 1913 1415 1981 siS,
1440 1928 1574 1968 cum
1602 1911 1933 1966 insanabile
1951 1910 2176 1966 vulnus

204 2003 575 2075 acceperim?
608 2023 631 2052 ι
666 2003 741 2058 At
769 2002 1109 2058 Critobulus
1147 2003 1404 2068 tandem,
1435 2003 1530 2057 vel
1569 2000 1729 2056 finito
1761 2001 1857 2055 vel
1888 2000 2174 2055 dissimu-
2231 2004 2298 2058 27

200 2092 322 2147 lato
359 2094 542 2158 metu,
573 2093 802 2146 hortari
839 2108 973 2147 eum
1012 2093 1188 2163 coepit
1225 2095 1290 2146 ut
1327 2107 1391 2146 se
1420 2091 1842 2146 continendum
1870 2089 2177 2160 praeberet,

205 2181 349 2236 dum
403 2181 696 2251 spiculum
725 2180 745 2201 *
792 2181 1071 2235 evelleret
1113 2198 1127 2234 :
1178 2181 1352 2235 etiam
1406 2181 1603 2235 levem
1644 2180 1914 2250 corporis
1956 2180 2179 2233 motum

205 2270 460 2325 noxium
487 2268 634 2324 fore.
668 2269 824 2338 Rex,
865 2285 999 2324 cum
1036 2268 1393 2324 affirmasset
1421 2268 1569 2323 nihil
1598 2284 1746 2338 opus
1784 2283 1919 2322 esse
1948 2267 2046 2331 iis,
2079 2265 2180 2336 qui
2234 2269 2302 2323 28

203 2360 398 2433 semet
424 2358 811 2425 continerent,
840 2359 991 2412 sicut
1019 2359 1380 2429 praeceptum
1408 2358 1555 2427 erat,
1579 2358 1710 2411 sine
1743 2366 1902 2411 motu
1928 2355 2181 2425 praebuit

202 2462 450 2517 corpus.
483 2446 673 2517 Igitur
701 2445 989 2517 patefacto
1031 2447 1206 2500 latius
1232 2445 1503 2511 vulnere,
1549 2449 1606 2500 et
1648 2446 1875 2515 spiculo
1896 2442 1917 2461 *
1947 2444 2177 2508 evuls0,

196 2539 429 2608 ingens
459 2536 555 2589 vis
596 2534 912 2605 sanguinis
956 2550 1199 2590 manare
1247 2534 1438 2605 coepit,
1473 2534 1773 2605 linquique
1819 2534 2009 2587 animo
2048 2547 2175 2598 rex,

203 2628 285 2695 et,
310 2623 568 2695 caligine
594 2624 782 2680 oculis
810 2622 1019 2693 offusa,
1036 2625 1198 2679 velut
1217 2624 1610 2680 moribundus
1639 2622 1894 2677 extendi.
1916 2621 2181 2692 Cumque
2235 2625 2304 2679 29

203 2712 571 2785 profluvium
598 2712 1041 2767 medicamentis
1088 2712 1311 2767 frustra
1348 2711 1708 2778 inhiberent,
1742 2710 1963 2763 clamor
2002 2707 2182 2762 simul

211 2805 396 2873 atque
426 2800 697 2871 ploratus
733 2802 1053 2855 amicorum
1089 2800 1300 2870 oritur,
1331 2815 1535 2871 regem
1561 2799 1902 2869 exspirasse
1930 2796 2181 2851 creden-

256 2966 336 3011 18.
369 2966 628 3022 Clitarque,
650 2967 722 3011 fils
743 2969 801 3013 de
830 2969 993 3021 Dinon,
1019 2969 1142 3012 avait
1165 2966 1477 3022 accompagne
1503 2964 1764 3010 Alexandro
1792 2964 1910 3007 dans
1931 2974 2014 3006 son
2035 2964 2178 3017 expe·
2198 2986 2205 2994 ·

206 3029 375 3083 dition,
403 3033 451 3072 et
479 3039 538 3073 en
557 3031 677 3073 avait
695 3030 811 3075 ecrit
836 3031 880 3074 le
908 3031 1038 3075 recit.
1059 3030 1173 3074 Mais
1204 3041 1258 3073 ce
1290 3029 1407 3073 recit
1432 3028 1559 3084 plein
1586 3028 1642 3071 de
1674 3027 1820 3070 rables
1852 3026 1965 3069 etait
1993 3030 2185 3080 suspect

213 3102 311 3136 aux
340 3091 549 3134 ancisus·
577 3091 611 3135 n
646 3097 721 3136 est
746 3093 792 3135 la
815 3093 1072 3147 principale
1103 3104 1265 3137 source
1286 3093 1390 3146 qu’a
1420 3090 1573 3134 suivie
1594 3091 1757 3141 Quinte
1784 3091 1947 3133 curce.

265 3152 342 3197 19.
377 3153 625 3209 Timagene
641 3154 780 3199 vecut
801 3155 827 3198 a
847 3158 983 3199 Rome
1009 3167 1120 3199 sous
1143 3159 1353 3208 Auguste
1373 3162 1385 3196 ε
1406 3152 1561 3197 c'etait
1588 3163 1653 3196 un
1670 3151 1862 3195 rheteur
1891 3156 1940 3195 et
1961 3162 2025 3194 un
2044 3150 2189 3194 histo-

216 3214 342 3259 rien.
372 3215 411 3259 11
441 3217 570 3259 avait
596 3216 711 3261 ecrit
753 3230 815 3261 un
862 3219 983 3262 livre
1012 3219 1099 3262 Sur
1129 3218 1195 3261 les
1231 3216 1354 3269 Rois,
1383 3220 1431 3260 et
1471 3215 1585 3259 dans
1613 3219 1691 3260 cet
1726 3225 1927 3268 ouvrage
1957 3213 1992 3258 il
2019 3210 2188 3268 parrait

216 3275 517 3322 d'Alexandre
545 3278 682 3338 d’une
711 3279 914 3324 maniere
936 3291 1030 3335 peu
1050 3279 1305 3325 favorable.

272 3341 344 3383 ΞΟ.
372 3339 604 3393 Resraqari
632 3352 746 3396 pour
766 3343 915 3385 obesse
940 3342 1060 3387 n’est
1079 3353 1161 3396 pas
1181 3341 1439 3395 classique.

274 3403 349 3444 ³¹.
385 3400 630 3458 Securitas,
658 3401 1010 3450 l’insouciance.

279 3463 353 3507 ΒΞ.
394 3462 467 3515 Ut,
491 3464 517 3507 a
539 3465 584 3507 la
615 3465 851 3509 condition
878 3478 1042 3521 que...

280 3526 354 3570 23.
386 3525 531 3570 Metuo
557 3537 670 3573 avec
695 3526 941 3574 l’infinitit'.
967 3528 1034 3574 Cf.
1064 3533 1169 3581 vlu,
1201 3540 1281 3586 vn,
1301 3533 1406 3572 note
1438 3533 1509 3576 10.

1948 3620 2030 3668 19.
