2517 3975
673 231 1061 272 msromAnma
1096 231 1433 272 amnem
1467 235 1549 287 xx,
1589 233 1670 271 vi.
2048 211 2158 267 3¹35

163 344 322 409 tuse,
347 344 422 396 ut
445 353 606 395 nunc
637 343 751 406 est,
783 340 892 395 tihi
927 341 1113 396 vilis?
1137 340 1515 408 Quantalibet
1558 341 1655 395 vis
1703 338 1964 394 omnium
2013 351 2158 409 gen—

169 430 336 485 tium
358 430 653 499 conspiret
677 430 744 486 in
764 445 894 497 nos,
919 430 1159 499 impleat
1180 431 1363 485 armis
1387 431 1657 500 virisque
1676 429 1695 456 ⁸
1722 431 1906 483 toturn
1928 427 2153 491 orbem,

161 519 488 575 classibus
526 518 713 573 maria
756 524 1114 589 consternat,
1149 519 1492 575 invisitatas
1519 519 1726 574 beluas
1770 517 2045 571 inducat:
2094 516 2158 569 tu

163 623 305 664 ‘nos
339 608 660 678 praestabis
705 609 980 663 invictos,
1021 609 1135 664 Sed
1186 610 1323 674 quis
1364 610 1608 664 deorum
1645 609 1757 663 hoc
1799 605 2154 661 Macedoniae

161 698 465 755 columen
493 714 561 752 ac
592 697 794 752 sidus⁶
823 698 1161 752 diuturnum
1176 698 1306 754 fore
1333 698 1603 769 polliceri
1629 700 1846 769 potest,
1876 710 2013 752 cum
2036 697 2159 747 tam

175 787 368 843 avide
395 787 726 842 manifestis
753 788 1034 859 periculis
1064 788 1288 843 offeras
1319 804 1559 859 corpus,
1583 789 1802 843 oblitus
1823 789 1906 840 tot
1936 785 2156 838 civium

161 873 422 931 animas
447 878 686 932 trahere
711 880 771 932 te
817 878 879 931 in
924 878 1172 932 casum?
1201 878 1349 944 Quis
1380 879 1539 934 enim
1568 878 1675 932 tibi
1705 878 2015 946 superstes
2058 875 2159 926 aut

163 965 395 1036 optat⁷
422 980 559 1020 esse
602 968 701 1020 aut
751 968 987 1035 potest?
1017 966 1103 1021 Eo
1150 968 1554 1039 pervenimus»,
1587 962 1956 1036 auspicium*
1986 964 2160 1032 atque

165 1053 508 1123 imperium
527 1054 714 1107 secuti
735 1056 920 1120 tuum,
942 1055 1122 1123 unde,
1144 1056 1263 1110 nisi
1280 1059 1335 1110 te
1355 1057 1591 1124 reduce,
1616 1055 1765 1109 nulli
1786 1054 1858 1108 ad
1877 1046 2159 1123 penates*

165 1155 342 1198 ‘suos
372 1143 483 1195 iter
511 1145 617 1196 est.
650 1142 876 1208 Quodsi
921 1144 1112 1199 adhuc
1155 1144 1223 1198 de
1269 1145 1536 1199 Persidis
1580 1159 1766 1216 regno
1807 1158 1941 1197 cum
1981 1137 2161 1195 Dat-'io

174 1230 526 1297 dimicareS,
559 1231 671 1284 etsi
701 1246 874 1285 nemo
904 1233 1104 1298 vellet,
1131 1236 1330 1286 tamen
1359 1249 1434 1287 ne
1464 1232 1740 1286 admirari
1762 1231 1998 1301 quidem
2029 1243 2163 1300 pos-

167 1321 280 1373 set
297 1319 426 1371 tam
443 1321 731 1388 promptae
753 1334 888 1374 esse
908 1322 966 1375 te
996 1320 1068 1374 ad
1097 1335 1270 1374 omne
1287 1320 1642 1375 discrimen⁸
1671 1319 1929 1373 audaciae
1953 1334 1966 1373 ε
1998 1332 2159 1386 natm,

167 1406 293 1461 'ubi
320 1406 488 1476 paria
526 1410 664 1461 sunt
690 1408 1016 1478 periculum
1063 1424 1129 1463 ac
1169 1409 1505 1479 praemium,
1555 1411 1610 1463 et
1650 1407 1930 1462 secundis
1973 1406 2159 1462 rebus

173 1494 447 1564 amplior
469 1495 697 1550 fructus
728 1499 839 1565 est,
874 1499 929 1550 et
955 1497 1228 1551 adversis
1275 1495 1564 1552 solacium
1602 1496 1840 1565 majus:
1873 1498 1974 1549 tuo
2016 1506 2162 1548 vero

173 1583 383 1655 capite
415 1584 740 1654 ignobilem
767 1587 964 1639 vicum
992 1587 1124 1655 emi,
1155 1586 1294 1657 ¹quis
1334 1584 1502 1654 ferat,
1542 1600 1662 1639 non
1700 1588 1938 1638 tuorum
1981 1582 2158 1637 modo

171 1671 466 1740 militum,
495 1673 603 1728 sed
632 1674 809 1729 ullius
841 1676 1037 1746 gentis
1077 1674 1346 1729 barbarae
1387 1675 1558 1739 civis,
1601 1675 1700 1745 qui
1731 1676 1890 1727 tuam
1918 1671 2161 1741 magni-

175 1761 458 1816 tudinem
487 1760 697 1817 novit?
724 1761 942 1818 Horret
961 1763 1193 1819 animus
1222 1764 1636 1835 cogitationem
1660 1764 1766 1829 rei,
1793 1775 1963 1831 quam
1984 1758 2159 1828 paule

181 1852 332 1905 ante
361 1849 641 1904 vidimus.
681 1850 895 1922 Eloqui
919 1852 1096 1907 timeo
1115 1852 1156 1921 ⁹,
1190 1852 1397 1906 invicti
1443 1852 1715 1920 corporis
1757 1849 1945 1919 spolia
1990 1848 2161 1901 iuer—-

175 1937 463 1995 tissimas
491 1955 702 1994 manus
731 1940 921 1996 fuisse
950 1940 1294 2012 infecturaS,
1324 1941 1444 1996 nisi
1472 1943 1531 1997 te
1564 1940 1953 2010 interceptum
1982 1937 2162 1991 mise-

178 2029 384 2083 ricors
415 2028 476 2081 in
505 2045 615 2082 nos
635 2028 868 2083 fortuna
889 2034 1211 2085 servasset.
1237 2030 1502 2084 Totidem
1533 2030 1886 2100 proditoi‘eS,
1922 2026 2163 2081 totidem

177 2118 534 2174 desertores
563 2132 784 2186 sumus,
829 2122 971 2190 quot
999 2123 1056 2174 te
1098 2135 1218 2174 non
1246 2120 1547 2189 potuimus
1573 2119 1873 2189 persequi.
1908 2117 2164 2171 Univer-

179 2223 294 2263 sos
325 2206 468 2260 iicet
491 2207 711 2262 milites
740 2205 1063 2277 ignominia
1083 2211 1275 2277 noteS‚
1299 2225 1469 2263 nemo
1497 2209 1799 2263 recusabit
1819 2208 1860 2235 ¹⁰
1885 2208 2048 2260 luere
2074 2204 2157 2271 id,

177 2296 351 2370 quod
381 2311 457 2349 ne
491 2296 822 2351 admitteret
841 2299 1126 2368 praestare
1146 2298 1182 2325 ¹¹
1216 2314 1337 2352 non
1366 2299 1576 2368 potuit.
1600 2297 1809 2352 Patere
1836 2310 1970 2361 noe,
1996 2306 2160 2364 quee-

177 2401 283 2454 so,
319 2385 441 2439 alio
470 2385 644 2440 modo
677 2401 809 2440 esse
840 2387 992 2441 viles
1033 2386 1161 2440 tibi.
1192 2387 1569 2457 Quocumque
1603 2386 1885 2458 jusseris,
1917 2385 2157 2438 ibimus.

2214 337 2247 392 7

2218 1145 2315 1218 10!

2220 1503 2282 1558 11

2219 1768 2285 1823 12

2219 2038 2286 2094 13

173 2475 462 2531 Obscura
489 2475 752 2545 pericula
788 2479 842 2530 et
877 2476 1174 2546 ignobiles
1219 2492 1457 2548 pugnas
1506 2475 1684 2530 nobis
1735 2475 2156 2546 deposcimus:
2218 2483 2285 2539 14

173 2565 371 2621 *temet
395 2564 593 2635 ipsum
614 2564 684 2618 ad
702 2580 769 2619 ea
789 2580 987 2629 serva,
1009 2580 1141 2636 quae
1168 2565 1641 2636 magnitudinem
1658 2567 1816 2618 tuam
1839 2564 2079 2634 capiunt
2094 2561 2157 2615 “.

183 2653 322 2709 Cito
379 2653 578 2722 gloria
625 2653 947 2708 obsolescit
991 2654 1053 2706 in
1100 2653 1362 2708 sordidis
1390 2653 1429 2681 ¹³
1478 2654 1753 2708 hostibus
1773 2697 1788 2722 ‚
1838 2668 1946 2706 nec
1995 2651 2161 2722 quic-

236 2825 282 2866 ὅ.
314 2819 467 2863 Armis
494 2820 702 2878 virisque,
729 2832 908 2865 comme
935 2821 1047 2866 viris
1065 2822 1275 2869 armatis.

237 2884 285 2928 6.
316 2881 451 2926 Sidus
478 2894 594 2937 pour
621 2884 764 2927 lurnen
783 2885 903 2927 n’est
923 2895 1003 2937 pas
1022 2885 1079 2928 de
1108 2886 1155 2928 la
1184 2895 1322 2939 prose
1341 2883 1598 2937 classique.

235 2946 286 2989 Ἴ.
317 2945 430 2999 opto
459 2956 511 2988 se
534 2946 762 2989 construit
783 2946 930 3001 plutdt
958 2957 1071 2990 avec
1103 2948 1147 2990 le
1175 2945 1444 3000 subjonctit.
1492 2948 1613 2990 Nous
1636 2954 1785 2989 avons
1816 2955 1877 2987 vu
1905 2943 2012 2998 deje
2052 2943 2162 2988 l’in-

177 3005 341 3052 'fluuit'
357 3018 471 3050 avec
494 3012 738 3062 praeoptare
756 3011 825 3063 (V,
846 3019 929 3061 xu,
951 3016 1059 3053 note
1077 3009 1142 3063 9).

231 3074 293 3123 ’8.
331 3069 594 3115 visci-imm.
634 3070 703 3115 cf.
739 3072 806 3124 lv,
837 3080 905 3122 tx,
931 3078 1040 3115 note
1067 3073 1141 3116 33,

237 3133 289 3179 ’9.
321 3131 468 3177 Timeo
497 3143 611 3175 avec
636 3131 875 3176 l’infinitif.
895 3134 968 3180 Cf.
992 3137 1061 3188 lv,
1086 3146 1118 3190 1,
1146 3137 1254 3177 note
1283 3134 1357 3178 20.

245 3198 318 3240 ss).
344 3194 512 3239 Recuso
536 3207 648 3237 avec
676 3195 906 3240 l’infinitir.
926 3196 997 3241 Cf.
1029 3199 1102 3251 Vl,
1131 3207 1180 3249 x,
1211 3201 1316 3238 note
1336 3199 1409 3241 18.

248 3260 322 3305 11.
355 3257 581 3301 Praestare
603 3269 658 3300 ne
688 3258 959 3314 admitteret,
979 3269 1151 3303 comme
1173 3261 1348 3314 efficere
1375 3268 1430 3302 ne
1453 3255 1732 3302 admitteret.

245 3323 321 3367 ¹2.
356 3319 562 3374 Cupiunt,
593 3319 671 3375 qui
701 3325 804 3363 sont
831 3332 890 3363 en
919 3326 1106 3376 rapport
1133 3332 1270 3364 avec.
1288 3356 1299 3366 .
1317 3353 1330 3366 .

248 3387 317 3428 13.
350 3382 558 3427 Sordieius
575 3381 763 3436 signino
793 3384 906 3438 sale,
926 3388 989 3438 et,
1018 3396 1075 3426 au
1104 3382 1268 3439 figure,
1288 3382 1396 3428 vile.
1420 3380 1634 3428 Sordidus
1654 3382 1841 3426 amictus
1860 3381 2005 3435 (virg.
2030 3378 2113 3424 AEn
2129 3410 2159 3434 .,

188 3449 263 3500 vl,
290 3445 415 3500 301).
449 3444 560 3487 Loco
605 3456 688 3488 non
724 3444 882 3489 humili
916 3446 1073 3498 solum,
1102 3447 1181 3489 sed
1225 3446 1361 3490 etiam
1404 3446 1580 3490 sordido
1607 3448 1732 3490 ortus
1768 3457 1784 3487 t
1820 3448 1993 3499 patr-em
2019 3441 2159 3494 fuisse

193 3508 363 3553 lanium
389 3510 559 3561 serunt.
600 3510 663 3550 De
701 3508 943 3552 naissanee
970 3520 1062 3552 non
1101 3509 1361 3553 seulement
1390 3508 1591 3564 humble,
1612 3507 1732 3552 mais
1768 3507 1936 3551 basse:
1968 3502 2003 3547 il
2025 3502 2158 3555 emit,

191 3570 355 3626 dit-on,
373 3568 448 3614 fils
474 3569 582 3613 d‘un
602 3568 809 3615 bouchet
832 3569 902 3625 (T.
929 3570 1049 3628 Lim,
1070 3574 1196 3622 xxu,
1219 3572 1311 3627 23).
