2517 3975
562 248 943 286 msroaumuu
982 247 1313 286 A1AExAxm=1
1350 246 1475 296 vm,
1515 246 1576 284 ιι.
1945 227 2049 283 269

121 353 209 419 vit,
237 353 437 407 ruinas
466 353 957 408 munimentorum
985 366 1461 425 superegressus
1480 351 1543 416 ¹⁶,
1573 349 1648 404 ad
1678 352 1906 420 petram
1942 351 2047 405 ad-

119 442 282 496 movit
309 443 641 499 exercitum.
667 440 940 497 Ceterum
967 442 1400 497 interveniebat
1429 439 1672 503 fluvius,
1697 440 2049 494 coeuntibus

119 530 267 599 aquis
295 546 369 585 ex
394 531 697 600 superiore
725 531 966 599 fastigio
997 531 1059 584 in
1088 530 1323 596 vallem,
1351 528 1676 602 ⁴magnique
1721 528 1921 597 operis
1965 526 2051 581 vi-

118 616 339 671 debatur
363 620 481 672 tam
506 622 734 673 vastam
761 619 1115 688 voraginem
1149 616 1411 687 explere.
1453 613 1614 670 Caedi
1649 619 1847 670 tamen
1872 616 2050 670 arbo-

118 720 201 758 res
215 709 267 759 et
291 721 435 761 saxa
460 708 710 777 congeri
733 706 954 778 jussit:
976 706 1311 777 ingensque
1329 705 1620 759 barbaros
1641 720 1844 774 pavor,
1866 704 2049 759 rudes

120 792 179 845 ad
201 794 330 848 talia
351 810 546 866 opera,
569 797 973 859 concusserat,
999 795 1310 848 excitatam
1337 793 1554 848 molem
1584 792 1780 846 subito
1801 807 2049 847 cernen-

117 882 213 937 tes,
238 882 429 952 Itaque
458 900 588 953 rex,
619 885 692 939 ad
720 883 1080 938 deditionem
1106 885 1267 936 metu
1294 896 1471 951 posse
1488 881 1529 908 ¹²
1558 880 1834 950 compelli
1860 883 2046 946 ratus,

120 966 336 1023 Oxarten
363 971 527 1028 misit
555 972 819 1027 nationis
856 970 1146 1042 ejusdem,
1176 970 1286 1024 sed
1314 956 1565 1023 dicionis
1604 984 1747 1038 suae,
1784 969 1884 1038 qui
1913 984 2049 1023 sua-

120 1055 260 1111 deret
290 1059 439 1122 duci,
466 1063 533 1115 ut
568 1059 827 1115 traderet
863 1061 1110 1131 petram.
1141 1058 1407 1126 Interim,
1438 1058 1512 1112 ad
1556 1058 1881 1130 augend:·m
1922 1054 2051 1112 for-

117 1146 382 1213 midinem,
420 1153 478 1203 et
520 1149 759 1204 turres*
798 1147 1287 1213 admovebantur,
1316 1148 1372 1201 et
1409 1161 1663 1201 excussa
1700 1146 2050 1201 tormentis*

117 1237 247 1289 tela*
269 1237 581 1292 micabant.
618 1237 818 1308 Itaque
848 1237 1132 1291 verticem
1168 1239 1375 1306 petrae,
1407 1236 1571 1291 omni
1608 1235 1725 1291 alio
1767 1233 2049 1306 praesidio

118 1323 377 1393 damnatO,
408 1326 725 1397 petiverun
761 1326 823 1382 ¹⁸.

172 1410 236 1465 At
275 1412 523 1469 Oxartes
567 1413 861 1482 trepidum
908 1412 1384 1484 diffidentemque
1417 1411 1600 1466 rebus
1638 1412 1767 1465 suis
1807 1411 2048 1467 Sisimi-

116 1497 278 1553 threm
302 1501 470 1572 eoepit
497 1500 748 1567 hortari,
781 1504 846 1553 ut
873 1500 1049 1569 fidem
1078 1500 1255 1572 quam
1288 1501 1409 1554 vim
1440 1499 1821 1555 Macedonum
1849 1499 2050 1554 mallet

117 1590 363 1657 experiri,
392 1606 511 1645 neu
552 1592 883 1644 moraretur
911 1589 1350 1645 festinationem
1375 1589 1621 1643 victoris
1657 1589 1955 1643 exercitus
1987 1590 2049 1643 in

117 1675 309 1733 Indiam
352 1679 650 1734 tendentis
690 1695 704 1732 t
750 1673 849 1732 ‘cui
897 1679 1170 1749 quisquis
1215 1680 1404 1733 semet
1448 1676 1718 1748 offerret,
1767 1678 1831 1731 in
1874 1693 2048 1732 suum

118 1770 262 1835 caput
295 1768 546 1822 alienam
587 1766 811 1822 cladem
829 1767 870 1795 ¹⁹
911 1782 1049 1822 esse
1094 1782 1414 1823 versurum
1432 1766 1493 1820 ¹⁰.
1533 1765 1607 1820 Et
1645 1766 1777 1836 ipse
1819 1765 2049 1836 quidem

117 1852 453 1912 Sisimithres
482 1855 846 1911 deditionem
875 1856 1208 1911 annuebat:
1233 1858 1495 1925 ceterum
1522 1858 1710 1910 mater
1730 1854 2049 1925 eademque

119 1941 304 2013 conjux
328 1945 681 2000 morituram
701 1957 768 1998 se
794 1947 928 1998 ante
952 1942 1332 2012 denuntianS,
1352 1958 1525 2015 quam
1545 1942 1608 1997 in
1631 1943 1807 1997 ullius
1826 1943 2050 1998 veniret

117 2032 452 2101 potestatem,
504 2032 748 2086 barbari
795 2031 1053 2085 animum
1101 2032 1174 2086 ad
1221 2031 1563 2086 honestiora
1613 2046 1785 2101 quam
1830 2030 2048 2085 tutiora

120 2124 475 2186 converterat,
493 2119 868 2191 pudebatque
882 2119 1231 2174 ”libertatis
1257 2118 1451 2189 majus
1472 2134 1607 2174 esse
1627 2119 1781 2189 apud
1798 2117 2048 2173 feminas

120 2219 263 2274 quam
289 2210 440 2279 apud
462 2209 633 2263 viros
651 2209 927 2278 pretium.
951 2208 1174 2279 Itaque,
1198 2208 1448 2262 dimisso
1477 2207 1841 2283 internuntio
1860 2209 2043 2278 paciS,

74 2290 77 2311 ²
120 2291 455 2352 obsidionem
480 2296 641 2350 ferre
673 2296 1035 2352 decreverat.
1058 2295 1196 2365 Sed,
1227 2310 1363 2350 cum
1383 2295 1576 2350 hostis
1596 2295 1758 2349 vires
1787 2311 2047 2367 suasque

118 2388 381 2453 pensaret,
430 2400 651 2439 rursus
695 2384 1007 2440 muliebris
1053 2384 1315 2453 consilii,
1346 2384 1499 2455 quod
1540 2400 1811 2454 praeceps
1850 2386 2047 2457 magis

120 2484 266 2539 quam
316 2473 722 2530 necessarium
774 2488 913 2528 esse
963 2473 1266 2540 credebat,
1315 2473 1598 2544 paenitere
1652 2487 1787 2527 eum
1839 2474 2038 2544 coepit.

119 2556 504 2634 Revocatoque
549 2565 791 2617 strenue
826 2561 1059 2632 Oxarte,
1089 2559 1353 2616 futurum
1370 2561 1410 2588 ”
1440 2575 1506 2615 se
1542 2560 1608 2614 in
1641 2561 1805 2634 regis
1846 2564 2049 2632 potes-

119 2645 267 2704 tatem
309 2646 640 2721 respondit,
673 2665 855 2704 unum
902 2651 1202 2720 precatus,
1230 2666 1310 2704 ne
1348 2649 1710 2704 voluntatem
1750 2653 1805 2704 et
1848 2653 2050 2706 consi-

120 2731 239 2792 lium
279 2740 487 2795 matris
523 2754 650 2794 suae
688 2738 989 2810 proderet,
1030 2754 1144 2809 quo
1182 2737 1418 2793 facilius
1464 2737 1653 2798 venia,
1684 2738 1773 2792 illi
1818 2754 2049 2810 quoque

161 2936 221 2983 10.
256 2939 616 2996 Super-caream,
632 2943 729 2983 mot
746 2951 835 2995 peu
851 2937 989 2984 usito.

160 2999 224 3044 17.
254 3002 401 3058 Posse,
425 3002 592 3058 ellipse
612 3002 675 3047 du
694 3002 819 3057 suiet
837 3012 932 3047 coc.

158 3060 222 3108 18.
250 3064 521 3120 Petiverunt,
542 3075 667 3111 s.·e.
689 3062 899 3109 Barbari.

158 3121 222 3172 19.
253 3125 424 3172 cladem
450 3122 662 3183 alienam,
691 3127 760 3170 les
779 3125 975 3170 defaites
1004 3125 1245 3170 reservees
1266 3124 1295 3169 ὲ
1321 3126 1523 3171 d’autres
1551 3126 1663 3181 (aux
1682 3127 1910 3183 ludione).

159 3189 224 3230 20.
258 3188 629 3240 Versurumnw,
650 3187 822 3242 ellipse
850 3186 913 3231 du
932 3187 1056 3240 sujet
1085 3198 1198 3234 eum.
1675 3221 1679 3226 .

159 3250 223 3292 2¹.
252 3248 460 3306 Pudebat,
478 3251 650 3306 ellipse
669 3250 726 3293 de
746 3261 864 3293 eum.

159 3308 224 3352 22.
253 3311 454 3358 Futurum
500 3314 548 3357 in
583 3314 865 3370 potestatem.
901 3310 1111 3356 Futurum
1139 3323 1166 3354 a
1203 3311 1266 3355 ici
1304 3313 1348 3356 la
1384 3314 1546 3358 valeur
1569 3313 1633 3359 de
1668 3319 1910 3370 venturum,
1947 3314 2052 3360 d‘ou

120 3366 356 3417 l'aocusatif
372 3379 645 3430 potestatem.
675 3377 807 3419 Cette
843 3373 1164 3417 construction
1201 3376 1463 3429 appartient
1500 3376 1563 3420 du
1601 3382 1726 3422 reste
1761 3389 1822 3421 au
1856 3378 2058 3432 langage,

122 3427 312 3478 familior.
348 3437 473 3481 Ainsi
502 3437 616 3481 dans
645 3435 867 3481 ciceron:
897 3433 951 3478 m
978 3434 1146 3478 certior
1170 3435 1298 3489 fieret
1326 3449 1406 3493 quo
1430 3437 1504 3482 die
1530 3437 1579 3482 in
1605 3439 1889 3482 Tusculanum
1911 3449 2050 3482 essem

123 3492 287 3548 mum,
303 3499 413 3553 quel
428 3499 533 3554 J‘our
547 3500 595 3555 je
615 3497 780 3542 devais
800 3497 917 3551 stre,
947 3495 1243 3542 c’est-a-dire
1281 3501 1459 3544 arriver
1487 3499 1514 3544 a
1542 3512 1616 3544 ma
1644 3500 1822 3544 maison
1844 3500 1902 3544 de
1928 3504 2047 3543 'rus-

125 3555 255 3602 enlum
272 3560 409 3615 (eim,
437 3561 503 3606 Aa
521 3561 693 3614 Attio..
717 3563 808 3613 XV,
837 3570 900 3613 w,
926 3558 989 3612 2).

2102 443 2173 497 23

2102 620 2175 675 24

2103 886 2175 942 25

2102 1776 2172 1829 28

2099 2220 2172 2276 29
