<?xml version="1.0" encoding="UTF-8"?>
<!DOCTYPE html PUBLIC "-//W3C//DTD XHTML 1.0 Transitional//EN"
    "http://www.w3.org/TR/xhtml1/DTD/xhtml1-transitional.dtd">
<html xmlns="http://www.w3.org/1999/xhtml" xml:lang="en" lang="en">
 <head>
  <title>
</title>
<meta http-equiv="Content-Type" content="text/html;charset=utf-8" />
  <meta name='ocr-system' content='tesseract 3.04.00' />
  <meta name='ocr-capabilities' content='ocr_page ocr_carea ocr_par ocr_line ocrx_word'/>
</head>
<body>
  <div class='ocr_page' id='page_1' title='image "./qcurtirufihisto00brelgoog_0154.png"; bbox 0 0 2517 3975; ppageno 0'>
   <div class='ocr_carea' id='block_1_1' title="bbox 350 2076 419 2131">
    <p class='ocr_par' dir='ltr' id='par_1_1' title="bbox 350 2076 419 2131">
     <span class='ocr_line' id='line_1_1' title="bbox 350 2076 419 2131; baseline 0.029 -2"><span class='ocrx_word' id='word_1_1' title='bbox 350 2076 419 2131; x_wconf 88' lang='grc'><strong>10</strong></span> 
     </span>
    </p>
   </div>
   <div class='ocr_carea' id='block_1_2' title="bbox 352 2253 415 2308">
    <p class='ocr_par' dir='ltr' id='par_1_2' title="bbox 352 2253 415 2308">
     <span class='ocr_line' id='line_1_2' title="bbox 352 2253 415 2308; baseline 0.016 -1"><span class='ocrx_word' id='word_1_2' title='bbox 352 2253 415 2308; x_wconf 89' lang='grc'><strong>11</strong></span> 
     </span>
    </p>
   </div>
   <div class='ocr_carea' id='block_1_3' title="bbox 459 180 1661 239">
    <p class='ocr_par' dir='ltr' id='par_1_3' title="bbox 459 180 1661 239">
     <span class='ocr_line' id='line_1_3' title="bbox 459 180 1661 239; baseline -0.003 -4"><span class='ocrx_word' id='word_1_3' title='bbox 459 180 563 235; x_wconf 74' lang='lat'><strong>130</strong></span> <span class='ocrx_word' id='word_1_4' title='bbox 604 192 607 197; x_wconf 62' lang='lat'><strong>⁴</strong></span> <span class='ocrx_word' id='word_1_5' title='bbox 1219 194 1278 239; x_wconf 39' lang='lat' dir='ltr'><strong>Q*</strong></span> <span class='ocrx_word' id='word_1_6' title='bbox 1317 193 1485 231; x_wconf 77' lang='lat' dir='ltr'><strong>cmm</strong></span> <span class='ocrx_word' id='word_1_7' title='bbox 1524 195 1661 231; x_wconf 70' lang='lat' dir='ltr'><strong>Ruri</strong></span> 
     </span>
    </p>
   </div>
   <div class='ocr_carea' id='block_1_4' title="bbox 454 300 2442 3026">
    <p class='ocr_par' dir='ltr' id='par_1_4' title="bbox 454 294 2442 996">
     <span class='ocr_line' id='line_1_4' title="bbox 454 300 2382 375; baseline -0.003 -14"><span class='ocrx_word' id='word_1_8' title='bbox 454 304 728 375; x_wconf 84' lang='lat' dir='ltr'>regionis</span> <span class='ocrx_word' id='word_1_9' title='bbox 771 303 1129 373; x_wconf 75' lang='lat' dir='ltr'><strong>praefectus,</strong></span> <span class='ocrx_word' id='word_1_10' title='bbox 1171 300 1332 356; x_wconf 84' lang='lat' dir='ltr'><strong>haud</strong></span> <span class='ocrx_word' id='word_1_11' title='bbox 1377 316 1524 355; x_wconf 84' lang='lat' dir='ltr'><strong>sane</strong></span> <span class='ocrx_word' id='word_1_12' title='bbox 1566 305 1900 371; x_wconf 80' lang='lat' dir='ltr'><strong>temporum</strong></span> <span class='ocrx_word' id='word_1_13' title='bbox 1940 301 2168 367; x_wconf 70' lang='lat' dir='ltr'><strong>bomo⁶,</strong></span> <span class='ocrx_word' id='word_1_14' title='bbox 2197 301 2382 373; x_wconf 75' lang='lat' dir='ltr'><strong>quippe</strong></span> 
     </span>
     <span class='ocr_line' id='line_1_5' title="bbox 456 388 2442 461; baseline -0.001 -14"><span class='ocrx_word' id='word_1_15' title='bbox 456 392 661 447; x_wconf 89' lang='lat' dir='ltr'><strong>ultima</strong></span> <span class='ocrx_word' id='word_1_16' title='bbox 718 407 824 461; x_wconf 89' lang='lat' dir='ltr'><strong>pro</strong></span> <span class='ocrx_word' id='word_1_17' title='bbox 875 389 988 443; x_wconf 89' lang='lat' dir='ltr'><strong>fide</strong></span> <span class='ocrx_word' id='word_1_18' title='bbox 1039 388 1297 458; x_wconf 85' lang='lat' dir='ltr'><strong>experiri</strong></span> <span class='ocrx_word' id='word_1_19' title='bbox 1354 389 1722 444; x_wconf 85' lang='lat' dir='ltr'><strong>decreverat.</strong></span> <span class='ocrx_word' id='word_1_20' title='bbox 1779 389 1896 445; x_wconf 86' lang='lat' dir='ltr'><strong>Sed</strong></span> <span class='ocrx_word' id='word_1_21' title='bbox 1938 389 2110 460; x_wconf 84' lang='lat' dir='ltr'><strong>periti</strong></span> <span class='ocrx_word' id='word_1_22' title='bbox 2155 391 2380 445; x_wconf 87' lang='lat' dir='ltr'><strong>locorum</strong></span> <span class='ocrx_word' id='word_1_23' title='bbox 2441 422 2442 455; x_wconf 62' lang='lat'><em>2</em></span> 
     </span>
     <span class='ocr_line' id='line_1_6' title="bbox 456 477 2442 549; baseline -0.002 -15"><span class='ocrx_word' id='word_1_24' title='bbox 456 480 856 534; x_wconf 78' lang='lat' dir='ltr'><strong>Alexandrum</strong></span> <span class='ocrx_word' id='word_1_25' title='bbox 885 480 1118 542; x_wconf 86' lang='lat' dir='ltr'><strong>docent,</strong></span> <span class='ocrx_word' id='word_1_26' title='bbox 1151 477 1450 531; x_wconf 89' lang='lat' dir='ltr'><strong>occultum</strong></span> <span class='ocrx_word' id='word_1_27' title='bbox 1489 478 1603 530; x_wconf 87' lang='lat' dir='ltr'><strong>iter</strong></span> <span class='ocrx_word' id='word_1_28' title='bbox 1647 493 1785 532; x_wconf 90' lang='lat' dir='ltr'><strong>esse</strong></span> <span class='ocrx_word' id='word_1_29' title='bbox 1825 494 1929 548; x_wconf 89' lang='lat' dir='ltr'><strong>per</strong></span> <span class='ocrx_word' id='word_1_30' title='bbox 1957 479 2136 549; x_wconf 88' lang='lat' dir='ltr'><strong>calles</strong></span> <span class='ocrx_word' id='word_1_31' title='bbox 2162 482 2214 533; x_wconf 83' lang='lat' dir='ltr'><strong>et</strong></span> <span class='ocrx_word' id='word_1_32' title='bbox 2239 493 2380 532; x_wconf 86' lang='lat' dir='ltr'><strong>aver-</strong></span> <span class='ocrx_word' id='word_1_33' title='bbox 2441 500 2442 537; x_wconf 64' lang='lat'><em>3</em></span> 
     </span>
     <span class='ocr_line' id='line_1_7' title="bbox 458 563 2378 635; baseline -0.003 -12"><span class='ocrx_word' id='word_1_34' title='bbox 458 585 588 623; x_wconf 89' lang='lat' dir='ltr'><strong>sum</strong></span> <span class='ocrx_word' id='word_1_35' title='bbox 632 568 703 621; x_wconf 85' lang='lat' dir='ltr'><strong>ab</strong></span> <span class='ocrx_word' id='word_1_36' title='bbox 741 568 921 622; x_wconf 80' lang='lat' dir='ltr'><strong>urbe⁰</strong></span> <span class='ocrx_word' id='word_1_37' title='bbox 958 585 969 620; x_wconf 90' lang='lat'>:</span> <span class='ocrx_word' id='word_1_38' title='bbox 1014 565 1071 621; x_wconf 86' lang='lat' dir='ltr'><strong>si</strong></span> <span class='ocrx_word' id='word_1_39' title='bbox 1114 580 1339 635; x_wconf 88' lang='lat' dir='ltr'><strong>paucos</strong></span> <span class='ocrx_word' id='word_1_40' title='bbox 1380 563 1641 618; x_wconf 82' lang='lat' dir='ltr'><strong>misisset</strong></span> <span class='ocrx_word' id='word_1_41' title='bbox 1684 566 1895 620; x_wconf 85' lang='lat' dir='ltr'><strong>leviter</strong></span> <span class='ocrx_word' id='word_1_42' title='bbox 1937 568 2202 631; x_wconf 79' lang='lat' dir='ltr'><strong>armatOS,</strong></span> <span class='ocrx_word' id='word_1_43' title='bbox 2234 581 2378 635; x_wconf 89' lang='lat' dir='ltr'><strong>super</strong></span> 
     </span>
     <span class='ocr_line' id='line_1_8' title="bbox 461 652 2378 727; baseline -0.004 -14"><span class='ocrx_word' id='word_1_44' title='bbox 461 658 650 727; x_wconf 87' lang='lat' dir='ltr'><strong>capita</strong></span> <span class='ocrx_word' id='word_1_45' title='bbox 678 656 940 710; x_wconf 81' lang='lat' dir='ltr'><strong>hostium</strong></span> <span class='ocrx_word' id='word_1_46' title='bbox 970 669 1282 710; x_wconf 77' lang='lat' dir='ltr'><strong>evasuros,</strong></span> <span class='ocrx_word' id='word_1_47' title='bbox 1322 652 1463 708; x_wconf 84' lang='lat' dir='ltr'><strong>Cum</strong></span> <span class='ocrx_word' id='word_1_48' title='bbox 1510 654 1831 708; x_wconf 87' lang='lat' dir='ltr'><strong>consilium</strong></span> <span class='ocrx_word' id='word_1_49' title='bbox 1871 655 2198 725; x_wconf 80' lang='lat' dir='ltr'><strong>placuisset,</strong></span> <span class='ocrx_word' id='word_1_50' title='bbox 2236 654 2378 708; x_wconf 86' lang='lat' dir='ltr'><strong>iidem</strong></span> 
     </span>
     <span class='ocr_line' id='line_1_9' title="bbox 459 742 2442 815; baseline -0.004 -15"><span class='ocrx_word' id='word_1_51' title='bbox 459 747 740 801; x_wconf 88' lang='lat' dir='ltr'><strong>itinerum</strong></span> <span class='ocrx_word' id='word_1_52' title='bbox 769 745 1009 798; x_wconf 85' lang='lat' dir='ltr'><strong>fuerunt</strong></span> <span class='ocrx_word' id='word_1_53' title='bbox 1037 743 1244 796; x_wconf 79' lang='lat' dir='ltr'><strong>duces,</strong></span> <span class='ocrx_word' id='word_1_54' title='bbox 1288 760 1327 796; x_wconf 79' lang='lat' dir='ltr'>M</span> <span class='ocrx_word' id='word_1_55' title='bbox 1357 746 1413 796; x_wconf 90' lang='lat' dir='ltr'><strong>et</strong></span> <span class='ocrx_word' id='word_1_56' title='bbox 1442 759 1477 795; x_wconf 86' lang='lat' dir='ltr'><strong>n</strong></span> <span class='ocrx_word' id='word_1_57' title='bbox 1504 743 1780 796; x_wconf 82' lang='lat' dir='ltr'><strong>mercede</strong></span> <span class='ocrx_word' id='word_1_58' title='bbox 1805 744 2075 799; x_wconf 89' lang='lat' dir='ltr'><strong>conducti</strong></span> <span class='ocrx_word' id='word_1_59' title='bbox 2100 747 2152 799; x_wconf 89' lang='lat' dir='ltr'><strong>et</strong></span> <span class='ocrx_word' id='word_1_60' title='bbox 2172 742 2379 815; x_wconf 80' lang='lat' dir='ltr'>Agriani</span> <span class='ocrx_word' id='word_1_61' title='bbox 2441 760 2442 765; x_wconf 45' lang='lat'>¹</span> 
     </span>
     <span class='ocr_line' id='line_1_10' title="bbox 461 830 2380 902; baseline -0.003 -13"><span class='ocrx_word' id='word_1_62' title='bbox 461 835 583 889; x_wconf 86' lang='lat' dir='ltr'><strong>fere</strong></span> <span class='ocrx_word' id='word_1_63' title='bbox 612 852 651 889; x_wconf 78' lang='grc' dir='ltr'><strong>ιι</strong></span> <span class='ocrx_word' id='word_1_64' title='bbox 681 832 938 889; x_wconf 78' lang='lat' dir='ltr'>Tauroni</span> <span class='ocrx_word' id='word_1_65' title='bbox 965 830 1243 902; x_wconf 82' lang='lat' dir='ltr'><strong>praefecto</strong></span> <span class='ocrx_word' id='word_1_66' title='bbox 1278 830 1397 884; x_wconf 89' lang='lat' dir='ltr'><strong>dati</strong></span> <span class='ocrx_word' id='word_1_67' title='bbox 1434 848 1500 885; x_wconf 85' lang='lat' dir='ltr'><strong>ac</strong></span> <span class='ocrx_word' id='word_1_68' title='bbox 1538 834 1675 900; x_wconf 89' lang='lat' dir='ltr'><strong>post</strong></span> <span class='ocrx_word' id='word_1_69' title='bbox 1704 833 1856 886; x_wconf 88' lang='lat' dir='ltr'><strong>solis</strong></span> <span class='ocrx_word' id='word_1_70' title='bbox 1885 846 2158 888; x_wconf 89' lang='lat' dir='ltr'><strong>occasum</strong></span> <span class='ocrx_word' id='word_1_71' title='bbox 2186 832 2286 886; x_wconf 85' lang='lat' dir='ltr'><strong>iter</strong></span> <span class='ocrx_word' id='word_1_72' title='bbox 2312 831 2380 883; x_wconf 90' lang='lat' dir='ltr'><strong>in-</strong></span> 
     </span>
     <span class='ocr_line' id='line_1_11' title="bbox 464 922 839 996; baseline -0.008 -18"><span class='ocrx_word' id='word_1_73' title='bbox 464 924 636 996; x_wconf 86' lang='lat' dir='ltr'><strong>gredi</strong></span> <span class='ocrx_word' id='word_1_74' title='bbox 662 922 839 992; x_wconf 85' lang='lat' dir='ltr'><strong>jussi.</strong></span> 
     </span>
    </p>

    <p class='ocr_par' dir='ltr' id='par_1_5' title="bbox 465 999 2442 2062">
     <span class='ocr_line' id='line_1_12' title="bbox 536 999 2383 1083; baseline -0.003 -19"><span class='ocrx_word' id='word_1_75' title='bbox 536 1013 697 1083; x_wconf 82' lang='lat' dir='ltr'><strong>Ipse,</strong></span> <span class='ocrx_word' id='word_1_76' title='bbox 745 999 1217 1080; x_wconf 77' lang='lat' dir='ltr'><strong>tertia&#39;vigilia*</strong></span> <span class='ocrx_word' id='word_1_77' title='bbox 1266 1009 1483 1062; x_wconf 69' lang='lat' dir='ltr'><strong>castris</strong></span> <span class='ocrx_word' id='word_1_78' title='bbox 1511 1008 1531 1029; x_wconf 81' lang='lat'><em>*</em></span> <span class='ocrx_word' id='word_1_79' title='bbox 1578 1009 1775 1077; x_wconf 80' lang='lat' dir='ltr'><strong>motiS‚</strong></span> <span class='ocrx_word' id='word_1_80' title='bbox 1828 1010 1988 1065; x_wconf 88' lang='lat' dir='ltr'><strong>circa</strong></span> <span class='ocrx_word' id='word_1_81' title='bbox 2034 1011 2178 1065; x_wconf 91' lang='lat' dir='ltr'><strong>lucis</strong></span> <span class='ocrx_word' id='word_1_82' title='bbox 2229 1009 2383 1064; x_wconf 88' lang='lat' dir='ltr'><strong>ortum</strong></span> 
     </span>
     <span class='ocr_line' id='line_1_13' title="bbox 466 1095 2383 1170; baseline -0.003 -16"><span class='ocrx_word' id='word_1_83' title='bbox 466 1102 710 1170; x_wconf 84' lang='lat' dir='ltr'><strong>superat</strong></span> <span class='ocrx_word' id='word_1_84' title='bbox 751 1100 1077 1170; x_wconf 79' lang='lat' dir='ltr'><strong>angustiaS‚</strong></span> <span class='ocrx_word' id='word_1_85' title='bbox 1120 1113 1391 1165; x_wconf 84' lang='lat' dir='ltr'><strong>caesaque</strong></span> <span class='ocrx_word' id='word_1_86' title='bbox 1433 1099 1678 1151; x_wconf 90' lang='lat' dir='ltr'><strong>materia</strong></span> <span class='ocrx_word' id='word_1_87' title='bbox 1700 1100 1717 1125; x_wconf 88' lang='lat'>⁷</span> <span class='ocrx_word' id='word_1_88' title='bbox 1754 1100 2057 1154; x_wconf 79' lang='lat' dir='ltr'><strong>cratibus*</strong></span> <span class='ocrx_word' id='word_1_89' title='bbox 2088 1105 2139 1155; x_wconf 90' lang='lat' dir='ltr'><strong>et</strong></span> <span class='ocrx_word' id='word_1_90' title='bbox 2175 1095 2383 1168; x_wconf 81' lang='lat' dir='ltr'><strong>pluteis*</strong></span> 
     </span>
     <span class='ocr_line' id='line_1_14' title="bbox 465 1185 2385 1257; baseline -0.003 -15"><span class='ocrx_word' id='word_1_91' title='bbox 465 1187 779 1254; x_wconf 75' lang='lat' dir='ltr'><strong>faciendiS,</strong></span> <span class='ocrx_word' id='word_1_92' title='bbox 828 1190 916 1254; x_wconf 86' lang='lat' dir='ltr'><strong>ut,-</strong></span> <span class='ocrx_word' id='word_1_93' title='bbox 953 1187 1057 1257; x_wconf 88' lang='lat' dir='ltr'><strong>qui</strong></span> <span class='ocrx_word' id='word_1_94' title='bbox 1101 1189 1300 1239; x_wconf 86' lang='lat' dir='ltr'><strong>turres</strong></span> <span class='ocrx_word' id='word_1_95' title='bbox 1326 1185 1346 1206; x_wconf 91' lang='lat'><strong>*</strong></span> <span class='ocrx_word' id='word_1_96' title='bbox 1386 1185 1792 1254; x_wconf 78' lang='lat' dir='ltr'><strong>admoverent,</strong></span> <span class='ocrx_word' id='word_1_97' title='bbox 1833 1189 2002 1242; x_wconf 74' lang='lat' dir='ltr'><strong>extra</strong></span> <span class='ocrx_word' id='word_1_98' title='bbox 2037 1188 2176 1247; x_wconf 86' lang='lat' dir='ltr'><strong>teli*</strong></span> <span class='ocrx_word' id='word_1_99' title='bbox 2204 1186 2385 1257; x_wconf 78' lang='lat' dir='ltr'><strong>jactum</strong></span> 
     </span>
     <span class='ocr_line' id='line_1_15' title="bbox 467 1273 2385 1344; baseline -0.003 -13"><span class='ocrx_word' id='word_1_100' title='bbox 467 1280 688 1342; x_wconf 82' lang='lat' dir='ltr'><strong>essent,</strong></span> <span class='ocrx_word' id='word_1_101' title='bbox 721 1276 925 1329; x_wconf 86' lang='lat' dir='ltr'><strong>urbem</strong></span> <span class='ocrx_word' id='word_1_102' title='bbox 954 1273 1229 1328; x_wconf 80' lang='lat' dir='ltr'><strong>obsidere</strong></span> <span class='ocrx_word' id='word_1_103' title='bbox 1260 1273 1464 1341; x_wconf 80' lang='lat' dir='ltr'><strong>coepit.</strong></span> <span class='ocrx_word' id='word_1_104' title='bbox 1505 1274 1815 1344; x_wconf 72' lang='lat' dir='ltr'><strong>Praerupta</strong></span> <span class='ocrx_word' id='word_1_105' title='bbox 1845 1279 2016 1331; x_wconf 83' lang='lat' dir='ltr'><strong>erant</strong></span> <span class='ocrx_word' id='word_1_106' title='bbox 2047 1276 2233 1331; x_wconf 68' lang='lat' dir='ltr'><strong>omnia</strong></span> <span class='ocrx_word' id='word_1_107' title='bbox 2257 1273 2385 1328; x_wconf 77' lang='lat' dir='ltr'><strong>saxis</strong></span> 
     </span>
     <span class='ocr_line' id='line_1_16' title="bbox 469 1352 2386 1434; baseline -0.004 -13"><span class='ocrx_word' id='word_1_108' title='bbox 469 1369 526 1422; x_wconf 80' lang='lat' dir='ltr'><strong>et</strong></span> <span class='ocrx_word' id='word_1_109' title='bbox 562 1366 792 1419; x_wconf 85' lang='lat' dir='ltr'><strong>cotibus</strong></span> <span class='ocrx_word' id='word_1_110' title='bbox 838 1362 1143 1431; x_wconf 80' lang='lat' dir='ltr'><strong>impedita.</strong></span> <span class='ocrx_word' id='word_1_111' title='bbox 1204 1352 1410 1415; x_wconf 85' lang='lat' dir='ltr'><strong>Multis</strong></span> <span class='ocrx_word' id='word_1_112' title='bbox 1458 1376 1602 1429; x_wconf 77' lang='lat' dir='ltr'><strong>ergo</strong></span> <span class='ocrx_word' id='word_1_113' title='bbox 1651 1363 2010 1419; x_wconf 78' lang='lat' dir='ltr'><strong>vulneribus</strong></span> <span class='ocrx_word' id='word_1_114' title='bbox 2051 1362 2281 1434; x_wconf 55' lang='lat' dir='ltr'><strong>dewlsi</strong></span> <span class='ocrx_word' id='word_1_115' title='bbox 2309 1357 2386 1414; x_wconf 64' lang='grc' dir='ltr'>ιιι*</span> 
     </span>
     <span class='ocr_line' id='line_1_17' title="bbox 469 1449 2387 1525; baseline -0.003 -16"><span class='ocrx_word' id='word_1_116' title='bbox 469 1455 687 1525; x_wconf 90' lang='lat' dir='ltr'><strong>quibus</strong></span> <span class='ocrx_word' id='word_1_117' title='bbox 716 1469 837 1507; x_wconf 85' lang='lat' dir='ltr'><strong>non</strong></span> <span class='ocrx_word' id='word_1_118' title='bbox 862 1467 995 1506; x_wconf 88' lang='lat' dir='ltr'><strong>cum</strong></span> <span class='ocrx_word' id='word_1_119' title='bbox 1024 1451 1193 1504; x_wconf 78' lang='lat' dir='ltr'><strong>hoste</strong></span> <span class='ocrx_word' id='word_1_120' title='bbox 1225 1449 1442 1517; x_wconf 87' lang='lat' dir='ltr'><strong>solum,</strong></span> <span class='ocrx_word' id='word_1_121' title='bbox 1476 1452 1584 1504; x_wconf 84' lang='lat' dir='ltr'><strong>sed</strong></span> <span class='ocrx_word' id='word_1_122' title='bbox 1614 1451 1794 1505; x_wconf 87' lang='lat' dir='ltr'><strong>etiam</strong></span> <span class='ocrx_word' id='word_1_123' title='bbox 1823 1469 1959 1507; x_wconf 88' lang='lat' dir='ltr'><strong>cum</strong></span> <span class='ocrx_word' id='word_1_124' title='bbox 1987 1454 2117 1508; x_wconf 84' lang='lat' dir='ltr'><strong>loco</strong></span> <span class='ocrx_word' id='word_1_125' title='bbox 2148 1452 2387 1507; x_wconf 63' lang='lat' dir='ltr'><strong>dimicem-</strong></span> 
     </span>
     <span class='ocr_line' id='line_1_18' title="bbox 468 1539 2386 1610; baseline -0.004 -12"><span class='ocrx_word' id='word_1_126' title='bbox 468 1544 608 1598; x_wconf 90' lang='lat' dir='ltr'><strong>dum</strong></span> <span class='ocrx_word' id='word_1_127' title='bbox 640 1546 815 1607; x_wconf 83' lang='lat' dir='ltr'><strong>esset,</strong></span> <span class='ocrx_word' id='word_1_128' title='bbox 849 1539 1126 1594; x_wconf 80' lang='lat' dir='ltr'><strong>subibant</strong></span> <span class='ocrx_word' id='word_1_129' title='bbox 1160 1543 1372 1605; x_wconf 86' lang='lat' dir='ltr'><strong>tamen,</strong></span> <span class='ocrx_word' id='word_1_130' title='bbox 1406 1539 1543 1608; x_wconf 78' lang='lat' dir='ltr'><strong>quia</strong></span> <span class='ocrx_word' id='word_1_131' title='bbox 1571 1555 1677 1593; x_wconf 78' lang='lat' dir='ltr'><strong>rex</strong></span> <span class='ocrx_word' id='word_1_132' title='bbox 1716 1541 1874 1594; x_wconf 83' lang='lat' dir='ltr'><strong>inter</strong></span> <span class='ocrx_word' id='word_1_133' title='bbox 1904 1544 2134 1610; x_wconf 85' lang='lat' dir='ltr'><strong>primos</strong></span> <span class='ocrx_word' id='word_1_134' title='bbox 2160 1539 2386 1595; x_wconf 79' lang='lat' dir='ltr'><strong>constite-</strong></span> 
     </span>
     <span class='ocr_line' id='line_1_19' title="bbox 470 1626 2388 1699; baseline -0.003 -14"><span class='ocrx_word' id='word_1_135' title='bbox 470 1634 580 1697; x_wconf 85' lang='lat' dir='ltr'><strong>rat,</strong></span> <span class='ocrx_word' id='word_1_136' title='bbox 604 1633 976 1699; x_wconf 80' lang='lat' dir='ltr'><strong>interrogans</strong></span> <span class='ocrx_word' id='word_1_137' title='bbox 996 1629 1083 1679; x_wconf 80' lang='lat' dir='ltr'><strong>tot</strong></span> <span class='ocrx_word' id='word_1_138' title='bbox 1100 1626 1338 1680; x_wconf 82' lang='lat' dir='ltr'><strong>urbium</strong></span> <span class='ocrx_word' id='word_1_139' title='bbox 1358 1628 1626 1682; x_wconf 84' lang='lat' dir='ltr'><strong>victores</strong></span> <span class='ocrx_word' id='word_1_140' title='bbox 1642 1645 1714 1681; x_wconf 88' lang='lat' dir='ltr'><strong>an</strong></span> <span class='ocrx_word' id='word_1_141' title='bbox 1733 1628 1752 1654; x_wconf 80' lang='lat'><strong>⁹</strong></span> <span class='ocrx_word' id='word_1_142' title='bbox 1773 1630 2189 1686; x_wconf 71' lang='lat' dir='ltr'><strong>erubescerent</strong></span> <span class='ocrx_word' id='word_1_143' title='bbox 2207 1629 2388 1682; x_wconf 80' lang='lat' dir='ltr'><strong>haerere</strong></span> 
     </span>
     <span class='ocr_line' id='line_1_20' title="bbox 470 1716 2387 1786; baseline -0.002 -14"><span class='ocrx_word' id='word_1_144' title='bbox 470 1720 535 1772; x_wconf 88' lang='lat' dir='ltr'><strong>in</strong></span> <span class='ocrx_word' id='word_1_145' title='bbox 584 1716 891 1771; x_wconf 85' lang='lat' dir='ltr'><strong>obsidione</strong></span> <span class='ocrx_word' id='word_1_146' title='bbox 937 1716 1162 1769; x_wconf 83' lang='lat' dir='ltr'><strong>castelli</strong></span> <span class='ocrx_word' id='word_1_147' title='bbox 1204 1717 1410 1786; x_wconf 81' lang='lat' dir='ltr'><strong>exigui</strong></span> <span class='ocrx_word' id='word_1_148' title='bbox 1456 1719 1510 1770; x_wconf 92' lang='lat' dir='ltr'><strong>et</strong></span> <span class='ocrx_word' id='word_1_149' title='bbox 1540 1716 1849 1786; x_wconf 85' lang='lat' dir='ltr'><strong>ignobilis,</strong></span> <span class='ocrx_word' id='word_1_150' title='bbox 1884 1718 2065 1775; x_wconf 81' lang='lat' dir='ltr'><strong>simul</strong></span> <span class='ocrx_word' id='word_1_151' title='bbox 2118 1719 2387 1773; x_wconf 77' lang='lat' dir='ltr'><strong>admonens</strong></span> 
     </span>
     <span class='ocr_line' id='line_1_21' title="bbox 472 1802 2386 1862; baseline -0.004 -4"><span class='ocrx_word' id='word_1_152' title='bbox 472 1806 802 1859; x_wconf 83' lang='lat' dir='ltr'><strong>Tauronem</strong></span> <span class='ocrx_word' id='word_1_153' title='bbox 843 1818 984 1856; x_wconf 82' lang='lat' dir='ltr'><strong>mox</strong></span> <span class='ocrx_word' id='word_1_154' title='bbox 1026 1802 1310 1857; x_wconf 81' lang='lat' dir='ltr'><strong>auxilium</strong></span> <span class='ocrx_word' id='word_1_155' title='bbox 1354 1819 1489 1857; x_wconf 86' lang='lat' dir='ltr'><strong>esse</strong></span> <span class='ocrx_word' id='word_1_156' title='bbox 1533 1805 1809 1858; x_wconf 83' lang='lat' dir='ltr'><strong>laturum.</strong></span> <span class='ocrx_word' id='word_1_157' title='bbox 1848 1806 2012 1861; x_wconf 76' lang='lat' dir='ltr'><strong>Inter</strong></span> <span class='ocrx_word' id='word_1_158' title='bbox 2048 1807 2167 1862; x_wconf 82' lang='lat' dir='ltr'><strong>haec</strong></span> <span class='ocrx_word' id='word_1_159' title='bbox 2206 1803 2386 1859; x_wconf 84' lang='lat' dir='ltr'><strong>eminus</strong></span> 
     </span>
     <span class='ocr_line' id='line_1_22' title="bbox 471 1888 2387 1963; baseline -0.001 -17"><span class='ocrx_word' id='word_1_160' title='bbox 471 1892 782 1963; x_wconf 77' lang='lat' dir='ltr'><strong>petebatur</strong></span> <span class='ocrx_word' id='word_1_161' title='bbox 809 1905 822 1944; x_wconf 76' lang='grc' dir='ltr'>ε</span> <span class='ocrx_word' id='word_1_162' title='bbox 858 1906 1034 1961; x_wconf 86' lang='lat' dir='ltr'><strong>quem</strong></span> <span class='ocrx_word' id='word_1_163' title='bbox 1059 1890 1356 1945; x_wconf 84' lang='lat' dir='ltr'><strong>testudine</strong></span> <span class='ocrx_word' id='word_1_164' title='bbox 1375 1891 1395 1912; x_wconf 73' lang='lat'><strong>⁴⁴</strong></span> <span class='ocrx_word' id='word_1_165' title='bbox 1426 1891 1660 1961; x_wconf 79' lang='lat' dir='ltr'><strong>objecta</strong></span> <span class='ocrx_word' id='word_1_166' title='bbox 1692 1892 1914 1948; x_wconf 85' lang='lat' dir='ltr'><strong>milites</strong></span> <span class='ocrx_word' id='word_1_167' title='bbox 1943 1923 2015 1936; x_wconf 89' lang='lat'><strong>—-</strong></span> <span class='ocrx_word' id='word_1_168' title='bbox 2044 1900 2106 1949; x_wconf 90' lang='lat' dir='ltr'><strong>ut</strong></span> <span class='ocrx_word' id='word_1_169' title='bbox 2134 1888 2387 1963; x_wconf 61' lang='lat' dir='ltr'><strong>decederet</strong></span> 
     </span>
     <span class='ocr_line' id='line_1_23' title="bbox 473 1979 2442 2062; baseline 0.002 -28"><span class='ocrx_word' id='word_1_170' title='bbox 473 1982 797 2055; x_wconf 79' lang='lat' dir='ltr'><strong>perpellere</strong></span> <span class='ocrx_word' id='word_1_171' title='bbox 840 1981 1188 2051; x_wconf 85' lang='lat' dir='ltr'><strong>nequierant</strong></span> <span class='ocrx_word' id='word_1_172' title='bbox 1216 2011 1292 2021; x_wconf 91' lang='lat'><strong>—-</strong></span> <span class='ocrx_word' id='word_1_173' title='bbox 1316 1979 1651 2037; x_wconf 80' lang='lat' dir='ltr'><strong>tuebantur.</strong></span> <span class='ocrx_word' id='word_1_174' title='bbox 2441 2051 2442 2062; x_wconf 10' lang='grc' dir='ltr'>χ</span> 
     </span>
    </p>

    <p class='ocr_par' dir='ltr' id='par_1_6' title="bbox 475 2066 2442 3026">
     <span class='ocr_line' id='line_1_24' title="bbox 545 2066 2389 2140; baseline -0.002 -15"><span class='ocrx_word' id='word_1_175' title='bbox 545 2072 805 2126; x_wconf 83' lang='lat' dir='ltr'><strong>Tandem</strong></span> <span class='ocrx_word' id='word_1_176' title='bbox 834 2070 1067 2123; x_wconf 79' lang='lat' dir='ltr'><strong>Tauron</strong></span> <span class='ocrx_word' id='word_1_177' title='bbox 1103 2085 1287 2140; x_wconf 87' lang='lat' dir='ltr'><strong>super</strong></span> <span class='ocrx_word' id='word_1_178' title='bbox 1317 2085 1512 2124; x_wconf 74' lang='lat' dir='ltr'><strong>arcem</strong></span> <span class='ocrx_word' id='word_1_179' title='bbox 1561 2071 1732 2124; x_wconf 85' lang='lat' dir='ltr'><strong>urbis</strong></span> <span class='ocrx_word' id='word_1_180' title='bbox 1777 2086 1844 2125; x_wconf 84' lang='lat' dir='ltr'><strong>se</strong></span> <span class='ocrx_word' id='word_1_181' title='bbox 1892 2088 2029 2127; x_wconf 87' lang='lat' dir='ltr'><strong>cum</strong></span> <span class='ocrx_word' id='word_1_182' title='bbox 2066 2087 2170 2128; x_wconf 82' lang='lat' dir='ltr'><strong>suo</strong></span> <span class='ocrx_word' id='word_1_183' title='bbox 2208 2066 2389 2140; x_wconf 51' lang='lat' dir='ltr'><strong>agmine</strong></span> 
     </span>
     <span class='ocr_line' id='line_1_25' title="bbox 475 2148 2442 2230; baseline -0.004 -12"><span class='ocrx_word' id='word_1_184' title='bbox 475 2148 734 2218; x_wconf 83' lang='lat' dir='ltr'><strong>ostendit</strong></span> <span class='ocrx_word' id='word_1_185' title='bbox 768 2179 780 2214; x_wconf 71' lang='grc' dir='ltr'>ε</span> <span class='ocrx_word' id='word_1_186' title='bbox 816 2159 886 2212; x_wconf 87' lang='lat' dir='ltr'><strong>ad</strong></span> <span class='ocrx_word' id='word_1_187' title='bbox 917 2160 1091 2228; x_wconf 81' lang='lat' dir='ltr'><strong>cujus</strong></span> <span class='ocrx_word' id='word_1_188' title='bbox 1124 2161 1512 2227; x_wconf 86' lang='lat' dir='ltr'><strong>conspectum</strong></span> <span class='ocrx_word' id='word_1_189' title='bbox 1554 2163 1611 2214; x_wconf 82' lang='lat' dir='ltr'><strong>et</strong></span> <span class='ocrx_word' id='word_1_190' title='bbox 1648 2160 1907 2214; x_wconf 79' lang='lat' dir='ltr'><strong>hostium</strong></span> <span class='ocrx_word' id='word_1_191' title='bbox 1944 2162 2129 2216; x_wconf 78' lang='lat' dir='ltr'><strong>animi</strong></span> <span class='ocrx_word' id='word_1_192' title='bbox 2160 2160 2331 2215; x_wconf 70' lang='lat' dir='ltr'><strong>labare</strong></span> <span class='ocrx_word' id='word_1_193' title='bbox 2352 2154 2391 2205; x_wconf 69' lang='lat' dir='ltr'><strong>et</strong></span> <span class='ocrx_word' id='word_1_194' title='bbox 2441 2225 2442 2230; x_wconf 7' lang='grc' dir='ltr'>ἵ</span> 
     </span>
     <span class='ocr_line' id='line_1_26' title="bbox 475 2241 2390 2321; baseline -0.003 -17"><span class='ocrx_word' id='word_1_195' title='bbox 475 2250 829 2304; x_wconf 81' lang='lat' dir='ltr'><strong>Macedones</strong></span> <span class='ocrx_word' id='word_1_196' title='bbox 871 2248 1067 2300; x_wconf 87' lang='lat' dir='ltr'><strong>acrius</strong></span> <span class='ocrx_word' id='word_1_197' title='bbox 1109 2247 1384 2315; x_wconf 89' lang='lat' dir='ltr'><strong>proelium</strong></span> <span class='ocrx_word' id='word_1_198' title='bbox 1429 2247 1586 2301; x_wconf 87' lang='lat' dir='ltr'><strong>inire</strong></span> <span class='ocrx_word' id='word_1_199' title='bbox 1625 2254 1949 2317; x_wconf 88' lang='lat' dir='ltr'><strong>coeperunt.</strong></span> <span class='ocrx_word' id='word_1_200' title='bbox 1992 2252 2219 2321; x_wconf 89' lang='lat' dir='ltr'><strong>Anceps</strong></span> <span class='ocrx_word' id='word_1_201' title='bbox 2258 2241 2390 2314; x_wconf 86' lang='lat' dir='ltr'><strong>oppi-</strong></span> 
     </span>
     <span class='ocr_line' id='line_1_27' title="bbox 477 2329 2392 2408; baseline -0.005 -15"><span class='ocrx_word' id='word_1_202' title='bbox 477 2340 665 2393; x_wconf 71' lang='lat' dir='ltr'><strong>danos</strong></span> <span class='ocrx_word' id='word_1_203' title='bbox 694 2338 914 2391; x_wconf 86' lang='lat' dir='ltr'><strong>malum</strong></span> <span class='ocrx_word' id='word_1_204' title='bbox 943 2335 1210 2405; x_wconf 83' lang='lat' dir='ltr'><strong>urgebat,</strong></span> <span class='ocrx_word' id='word_1_205' title='bbox 1241 2351 1353 2389; x_wconf 87' lang='lat' dir='ltr'><strong>nec</strong></span> <span class='ocrx_word' id='word_1_206' title='bbox 1383 2335 1518 2390; x_wconf 88' lang='lat' dir='ltr'><strong>sisti</strong></span> <span class='ocrx_word' id='word_1_207' title='bbox 1548 2336 1640 2389; x_wconf 82' lang='lat' dir='ltr'><strong>vis</strong></span> <span class='ocrx_word' id='word_1_208' title='bbox 1662 2337 1923 2392; x_wconf 88' lang='lat' dir='ltr'><strong>hostium</strong></span> <span class='ocrx_word' id='word_1_209' title='bbox 1951 2342 2201 2408; x_wconf 74' lang='lat' dir='ltr'><strong>poterat.</strong></span> <span class='ocrx_word' id='word_1_210' title='bbox 2221 2329 2392 2389; x_wconf 85' lang='lat' dir='ltr'><strong>Paucis</strong></span> 
     </span>
     <span class='ocr_line' id='line_1_28' title="bbox 477 2422 2442 2495; baseline -0.005 -14"><span class='ocrx_word' id='word_1_211' title='bbox 477 2428 550 2481; x_wconf 88' lang='lat' dir='ltr'><strong>ad</strong></span> <span class='ocrx_word' id='word_1_212' title='bbox 606 2425 999 2491; x_wconf 89' lang='lat' dir='ltr'><strong>moriendum,</strong></span> <span class='ocrx_word' id='word_1_213' title='bbox 1051 2423 1326 2492; x_wconf 86' lang='lat' dir='ltr'><strong>pluribus</strong></span> <span class='ocrx_word' id='word_1_214' title='bbox 1383 2424 1453 2476; x_wconf 86' lang='lat' dir='ltr'><strong>ad</strong></span> <span class='ocrx_word' id='word_1_215' title='bbox 1512 2422 1716 2494; x_wconf 81' lang='lat' dir='ltr'><strong>fugam</strong></span> <span class='ocrx_word' id='word_1_216' title='bbox 1774 2426 2010 2480; x_wconf 88' lang='lat' dir='ltr'><strong>animus</strong></span> <span class='ocrx_word' id='word_1_217' title='bbox 2064 2426 2189 2495; x_wconf 84' lang='lat' dir='ltr'><strong>fuit,</strong></span> <span class='ocrx_word' id='word_1_218' title='bbox 2224 2430 2393 2490; x_wconf 74' lang='lat' dir='ltr'><strong>magna</strong></span> <span class='ocrx_word' id='word_1_219' title='bbox 2441 2453 2442 2492; x_wconf 72' lang='lat'>3</span> 
     </span>
     <span class='ocr_line' id='line_1_29' title="bbox 476 2501 2394 2585; baseline -0.003 -17"><span class='ocrx_word' id='word_1_220' title='bbox 476 2532 617 2585; x_wconf 87' lang='lat' dir='ltr'><strong>pars</strong></span> <span class='ocrx_word' id='word_1_221' title='bbox 660 2517 722 2569; x_wconf 91' lang='lat' dir='ltr'><strong>in</strong></span> <span class='ocrx_word' id='word_1_222' title='bbox 765 2529 963 2569; x_wconf 88' lang='lat' dir='ltr'><strong>arcem</strong></span> <span class='ocrx_word' id='word_1_223' title='bbox 1002 2512 1334 2568; x_wconf 78' lang='lat' dir='ltr'><strong>concessit.</strong></span> <span class='ocrx_word' id='word_1_224' title='bbox 1378 2512 1537 2579; x_wconf 88' lang='lat' dir='ltr'><strong>lude,</strong></span> <span class='ocrx_word' id='word_1_225' title='bbox 1586 2531 1709 2566; x_wconf 81' lang='lat' dir='ltr'><strong>xxx</strong></span> <span class='ocrx_word' id='word_1_226' title='bbox 1750 2515 2086 2569; x_wconf 85' lang='lat' dir='ltr'><strong>oratoribus</strong></span> <span class='ocrx_word' id='word_1_227' title='bbox 2120 2511 2306 2568; x_wconf 87' lang='lat' dir='ltr'><strong>missis</strong></span> <span class='ocrx_word' id='word_1_228' title='bbox 2338 2501 2394 2557; x_wconf 77' lang='lat' dir='ltr'><strong>ad</strong></span> 
     </span>
     <span class='ocr_line' id='line_1_30' title="bbox 479 2602 2442 2674; baseline -0.003 -19"><span class='ocrx_word' id='word_1_229' title='bbox 479 2602 932 2672; x_wconf 70' lang='lat' dir='ltr'><strong>deprecandum,</strong></span> <span class='ocrx_word' id='word_1_230' title='bbox 966 2602 1134 2655; x_wconf 89' lang='lat' dir='ltr'><strong>triste</strong></span> <span class='ocrx_word' id='word_1_231' title='bbox 1173 2615 1531 2670; x_wconf 84' lang='lat' dir='ltr'><strong>responsum</strong></span> <span class='ocrx_word' id='word_1_232' title='bbox 1570 2617 1603 2654; x_wconf 89' lang='lat' dir='ltr'><strong>a</strong></span> <span class='ocrx_word' id='word_1_233' title='bbox 1640 2617 1783 2672; x_wconf 82' lang='lat' dir='ltr'><strong>rege</strong></span> <span class='ocrx_word' id='word_1_234' title='bbox 1820 2602 2087 2658; x_wconf 81' lang='lat' dir='ltr'><strong>redditur</strong></span> <span class='ocrx_word' id='word_1_235' title='bbox 2118 2617 2130 2656; x_wconf 92' lang='lat'>:</span> <span class='ocrx_word' id='word_1_236' title='bbox 2160 2616 2268 2655; x_wconf 88' lang='grc' dir='ltr'>ιιοιι</span> <span class='ocrx_word' id='word_1_237' title='bbox 2292 2605 2394 2649; x_wconf 77' lang='lat' dir='ltr'><strong>esse</strong></span> <span class='ocrx_word' id='word_1_238' title='bbox 2441 2637 2442 2674; x_wconf 66' lang='lat' dir='ltr'>ss</span> 
     </span>
     <span class='ocr_line' id='line_1_31' title="bbox 481 2680 2442 2760; baseline -0.001 -15"><span class='ocrx_word' id='word_1_239' title='bbox 481 2690 671 2745; x_wconf 79' lang='lat' dir='ltr'><strong>veniae</strong></span> <span class='ocrx_word' id='word_1_240' title='bbox 714 2691 928 2752; x_wconf 68' lang='lat' dir='ltr'><strong>locum,</strong></span> <span class='ocrx_word' id='word_1_241' title='bbox 977 2691 1199 2759; x_wconf 82' lang='lat' dir='ltr'><strong>Itaque,</strong></span> <span class='ocrx_word' id='word_1_242' title='bbox 1230 2688 1657 2759; x_wconf 79' lang='lat' dir='ltr'><strong>suppliciorum</strong></span> <span class='ocrx_word' id='word_1_243' title='bbox 1696 2705 1929 2760; x_wconf 88' lang='lat' dir='ltr'><strong>quoque</strong></span> <span class='ocrx_word' id='word_1_244' title='bbox 1965 2696 2125 2747; x_wconf 85' lang='lat' dir='ltr'><strong>metu</strong></span> <span class='ocrx_word' id='word_1_245' title='bbox 2164 2680 2391 2760; x_wconf 69' lang='lat' dir='ltr'><strong>perculsi,</strong></span> <span class='ocrx_word' id='word_1_246' title='bbox 2441 2753 2442 2756; x_wconf 8' lang='grc' dir='ltr'><strong>Ἴ</strong></span> 
     </span>
     <span class='ocr_line' id='line_1_32' title="bbox 481 2777 2395 2850; baseline -0.001 -18"><span class='ocrx_word' id='word_1_247' title='bbox 481 2779 555 2832; x_wconf 87' lang='lat' dir='ltr'><strong>ad</strong></span> <span class='ocrx_word' id='word_1_248' title='bbox 602 2778 1008 2850; x_wconf 78' lang='lat' dir='ltr'><strong>Sisigambim,</strong></span> <span class='ocrx_word' id='word_1_249' title='bbox 1061 2777 1224 2830; x_wconf 81' lang='lat' dir='ltr'><strong>Darii</strong></span> <span class='ocrx_word' id='word_1_250' title='bbox 1271 2790 1546 2844; x_wconf 76' lang='lat' dir='ltr'><strong>matrem,</strong></span> <span class='ocrx_word' id='word_1_251' title='bbox 1600 2779 1823 2832; x_wconf 90' lang='lat' dir='ltr'><strong>occulto</strong></span> <span class='ocrx_word' id='word_1_252' title='bbox 1873 2780 2084 2834; x_wconf 86' lang='lat' dir='ltr'><strong>itinere</strong></span> <span class='ocrx_word' id='word_1_253' title='bbox 2130 2779 2395 2850; x_wconf 71' lang='lat' dir='ltr'><strong>ignotoque</strong></span> 
     </span>
     <span class='ocr_line' id='line_1_33' title="bbox 479 2858 2394 2939; baseline 0.001 -19"><span class='ocrx_word' id='word_1_254' title='bbox 479 2867 753 2928; x_wconf 85' lang='lat' dir='ltr'><strong>hostibus</strong></span> <span class='ocrx_word' id='word_1_255' title='bbox 798 2868 1050 2928; x_wconf 83' lang='lat' dir='ltr'><strong>mittunt,</strong></span> <span class='ocrx_word' id='word_1_256' title='bbox 1094 2866 1190 2935; x_wconf 87' lang='lat' dir='ltr'><strong>qui</strong></span> <span class='ocrx_word' id='word_1_257' title='bbox 1239 2867 1507 2935; x_wconf 87' lang='lat' dir='ltr'><strong>peterent</strong></span> <span class='ocrx_word' id='word_1_258' title='bbox 1536 2864 1574 2891; x_wconf 77' lang='lat'><strong>¹⁰</strong></span> <span class='ocrx_word' id='word_1_259' title='bbox 1614 2868 1673 2918; x_wconf 92' lang='lat' dir='ltr'><strong>ut</strong></span> <span class='ocrx_word' id='word_1_260' title='bbox 1714 2866 1845 2935; x_wconf 92' lang='lat' dir='ltr'><strong>ipsa</strong></span> <span class='ocrx_word' id='word_1_261' title='bbox 1887 2883 2091 2939; x_wconf 84' lang='lat' dir='ltr'><strong>regem</strong></span> <span class='ocrx_word' id='word_1_262' title='bbox 2132 2858 2394 2934; x_wconf 72' lang='lat' dir='ltr'><strong>mitigaret,</strong></span> 
     </span>
     <span class='ocr_line' id='line_1_34' title="bbox 485 2948 2393 3026; baseline -0.005 -16"><span class='ocrx_word' id='word_1_263' title='bbox 485 2955 643 3010; x_wconf 85' lang='lat' dir='ltr'><strong>haud</strong></span> <span class='ocrx_word' id='word_1_264' title='bbox 681 2955 877 3026; x_wconf 83' lang='lat' dir='ltr'><strong>ignari</strong></span> <span class='ocrx_word' id='word_1_265' title='bbox 913 2955 1183 3024; x_wconf 79' lang='lat' dir='ltr'><strong>parentis</strong></span> <span class='ocrx_word' id='word_1_266' title='bbox 1222 2970 1356 3007; x_wconf 84' lang='lat' dir='ltr'><strong>eam</strong></span> <span class='ocrx_word' id='word_1_267' title='bbox 1389 2954 1520 3007; x_wconf 85' lang='lat' dir='ltr'><strong>loco</strong></span> <span class='ocrx_word' id='word_1_268' title='bbox 1566 2953 1733 3024; x_wconf 80' lang='lat' dir='ltr'><strong>diligi</strong></span> <span class='ocrx_word' id='word_1_269' title='bbox 1776 2954 2145 3025; x_wconf 18' lang='lat' dir='ltr'><strong>colique.=Et</strong></span> <span class='ocrx_word' id='word_1_270' title='bbox 2185 2948 2393 3007; x_wconf 76' lang='lat' dir='ltr'><strong>Medates</strong></span> 
     </span>
    </p>
   </div>
   <div class='ocr_carea' id='block_1_5' title="bbox 479 3125 2397 3495">
    <p class='ocr_par' dir='ltr' id='par_1_7' title="bbox 479 3125 2397 3245">
     <span class='ocr_line' id='line_1_35' title="bbox 531 3125 2397 3191; baseline -0.001 -17"><span class='ocrx_word' id='word_1_271' title='bbox 531 3131 578 3174; x_wconf 85' lang='lat'><strong>5.</strong></span> <span class='ocrx_word' id='word_1_272' title='bbox 617 3131 863 3184; x_wconf 81' lang='lat' dir='ltr'><strong>Temporum</strong></span> <span class='ocrx_word' id='word_1_273' title='bbox 893 3130 1027 3181; x_wconf 78' lang='lat' dir='ltr'><strong>Immo,</strong></span> <span class='ocrx_word' id='word_1_274' title='bbox 1077 3141 1316 3184; x_wconf 85' lang='lat' dir='ltr'><strong>comparer</strong></span> <span class='ocrx_word' id='word_1_275' title='bbox 1361 3130 1629 3184; x_wconf 67' lang='lat' dir='ltr'><strong>temperer-la</strong></span> <span class='ocrx_word' id='word_1_276' title='bbox 1671 3131 1862 3186; x_wconf 58' lang='lat' dir='ltr'><strong>ingenia,</strong></span> <span class='ocrx_word' id='word_1_277' title='bbox 1892 3135 1964 3191; x_wconf 79' lang='lat' dir='ltr'><strong>lv,</strong></span> <span class='ocrx_word' id='word_1_278' title='bbox 1994 3146 2038 3189; x_wconf 87' lang='lat' dir='ltr'><strong>v,</strong></span> <span class='ocrx_word' id='word_1_279' title='bbox 2060 3132 2130 3177; x_wconf 79' lang='lat'><strong>11.</strong></span> <span class='ocrx_word' id='word_1_280' title='bbox 2159 3133 2223 3174; x_wconf 86' lang='lat' dir='ltr'><strong>Un</strong></span> <span class='ocrx_word' id='word_1_281' title='bbox 2254 3125 2397 3168; x_wconf 62' lang='lat' dir='ltr'><strong>homfflss</strong></span> 
     </span>
     <span class='ocr_line' id='line_1_36' title="bbox 479 3193 1442 3245; baseline -0.003 -7"><span class='ocrx_word' id='word_1_282' title='bbox 479 3193 599 3239; x_wconf 86' lang='lat' dir='ltr'><strong>chan</strong></span> <span class='ocrx_word' id='word_1_283' title='bbox 634 3197 741 3236; x_wconf 84' lang='lat' dir='ltr'><strong>eant</strong></span> <span class='ocrx_word' id='word_1_284' title='bbox 762 3204 826 3234; x_wconf 75' lang='lat' dir='ltr'><strong>au</strong></span> <span class='ocrx_word' id='word_1_285' title='bbox 857 3193 936 3245; x_wconf 81' lang='lat' dir='ltr'><strong>gre</strong></span> <span class='ocrx_word' id='word_1_286' title='bbox 965 3193 1049 3235; x_wconf 90' lang='lat' dir='ltr'><strong>des</strong></span> <span class='ocrx_word' id='word_1_287' title='bbox 1071 3194 1442 3236; x_wconf 84' lang='lat' dir='ltr'><strong>circonstances.</strong></span> 
     </span>
    </p>

    <p class='ocr_par' dir='ltr' id='par_1_8' title="bbox 534 3254 1849 3310">
     <span class='ocr_line' id='line_1_37' title="bbox 534 3254 1849 3310; baseline 0 -12"><span class='ocrx_word' id='word_1_288' title='bbox 534 3256 581 3301; x_wconf 82' lang='lat'><strong>6.</strong></span> <span class='ocrx_word' id='word_1_289' title='bbox 659 3255 747 3296; x_wconf 83' lang='lat' dir='ltr'><strong>rbe.</strong></span> <span class='ocrx_word' id='word_1_290' title='bbox 773 3258 840 3297; x_wconf 82' lang='lat' dir='ltr'><strong>Ou</strong></span> <span class='ocrx_word' id='word_1_291' title='bbox 860 3265 917 3296; x_wconf 84' lang='lat' dir='ltr'><strong>ne</strong></span> <span class='ocrx_word' id='word_1_292' title='bbox 949 3254 1036 3296; x_wconf 85' lang='lat' dir='ltr'><strong>sait</strong></span> <span class='ocrx_word' id='word_1_293' title='bbox 1056 3255 1115 3298; x_wconf 88' lang='lat' dir='ltr'><strong>de</strong></span> <span class='ocrx_word' id='word_1_294' title='bbox 1138 3254 1292 3309; x_wconf 87' lang='lat' dir='ltr'><strong>quelle</strong></span> <span class='ocrx_word' id='word_1_295' title='bbox 1316 3256 1425 3298; x_wconf 86' lang='lat' dir='ltr'><strong>ville</strong></span> <span class='ocrx_word' id='word_1_296' title='bbox 1449 3254 1477 3296; x_wconf 91' lang='lat' dir='ltr'><strong>il</strong></span> <span class='ocrx_word' id='word_1_297' title='bbox 1509 3261 1581 3298; x_wconf 82' lang='lat' dir='ltr'><strong>est</strong></span> <span class='ocrx_word' id='word_1_298' title='bbox 1609 3257 1849 3310; x_wconf 88' lang='lat' dir='ltr'><strong>question.</strong></span> 
     </span>
    </p>

    <p class='ocr_par' dir='ltr' id='par_1_9' title="bbox 537 3316 1995 3372">
     <span class='ocr_line' id='line_1_38' title="bbox 537 3316 1995 3372; baseline 0.002 -12"><span class='ocrx_word' id='word_1_299' title='bbox 537 3318 583 3364; x_wconf 80' lang='lat'><strong>7.</strong></span> <span class='ocrx_word' id='word_1_300' title='bbox 617 3316 819 3370; x_wconf 75' lang='lat' dir='ltr'><strong>Materia,</strong></span> <span class='ocrx_word' id='word_1_301' title='bbox 850 3316 945 3359; x_wconf 90' lang='lat' dir='ltr'><strong>bois</strong></span> <span class='ocrx_word' id='word_1_302' title='bbox 975 3316 1033 3358; x_wconf 78' lang='lat' dir='ltr'><strong>de</strong></span> <span class='ocrx_word' id='word_1_303' title='bbox 1047 3318 1394 3370; x_wconf 58' lang='lat' dir='ltr'><strong>construendam</strong></span> <span class='ocrx_word' id='word_1_304' title='bbox 1427 3317 1610 3372; x_wconf 65' lang='lat' dir='ltr'><strong>limium,</strong></span> <span class='ocrx_word' id='word_1_305' title='bbox 1633 3318 1735 3362; x_wconf 88' lang='lat' dir='ltr'><strong>bois</strong></span> <span class='ocrx_word' id='word_1_306' title='bbox 1759 3317 1785 3362; x_wconf 75' lang='lat' dir='ltr'><strong>a</strong></span> <span class='ocrx_word' id='word_1_307' title='bbox 1815 3318 1995 3368; x_wconf 77' lang='lat' dir='ltr'><strong>brfiler.</strong></span> 
     </span>
    </p>

    <p class='ocr_par' dir='ltr' id='par_1_10' title="bbox 539 3378 1041 3432">
     <span class='ocr_line' id='line_1_39' title="bbox 539 3378 1041 3432; baseline -0.01 -7"><span class='ocrx_word' id='word_1_308' title='bbox 539 3381 586 3425; x_wconf 90' lang='grc'><strong>8.</strong></span> <span class='ocrx_word' id='word_1_309' title='bbox 628 3379 695 3432; x_wconf 81' lang='lat' dir='ltr'><strong>Ut,</strong></span> <span class='ocrx_word' id='word_1_310' title='bbox 728 3378 922 3421; x_wconf 83' lang='lat' dir='ltr'><strong>attendu</strong></span> <span class='ocrx_word' id='word_1_311' title='bbox 951 3388 1041 3431; x_wconf 88' lang='lat' dir='ltr'><strong>que</strong></span> 
     </span>
    </p>

    <p class='ocr_par' dir='ltr' id='par_1_11' title="bbox 540 3440 1485 3495">
     <span class='ocr_line' id='line_1_40' title="bbox 540 3440 1485 3495; baseline -0.001 -11"><span class='ocrx_word' id='word_1_312' title='bbox 540 3447 588 3487; x_wconf 90' lang='grc'><strong>9.</strong></span> <span class='ocrx_word' id='word_1_313' title='bbox 622 3444 709 3495; x_wconf 77' lang='lat' dir='ltr'><strong>An,</strong></span> <span class='ocrx_word' id='word_1_314' title='bbox 729 3441 767 3482; x_wconf 89' lang='lat' dir='ltr'><strong>si</strong></span> <span class='ocrx_word' id='word_1_315' title='bbox 792 3451 850 3482; x_wconf 91' lang='lat' dir='ltr'><strong>ne</strong></span> <span class='ocrx_word' id='word_1_316' title='bbox 881 3450 978 3492; x_wconf 80' lang='lat' dir='ltr'><strong>pas,</strong></span> <span class='ocrx_word' id='word_1_317' title='bbox 1008 3440 1073 3482; x_wconf 78' lang='lat' dir='ltr'><strong>cf.</strong></span> <span class='ocrx_word' id='word_1_318' title='bbox 1096 3443 1164 3490; x_wconf 84' lang='lat' dir='ltr'><strong>lv,</strong></span> <span class='ocrx_word' id='word_1_319' title='bbox 1196 3452 1258 3492; x_wconf 74' lang='lat' dir='ltr'><strong>ix,</strong></span> <span class='ocrx_word' id='word_1_320' title='bbox 1286 3445 1392 3483; x_wconf 89' lang='lat' dir='ltr'><strong>note</strong></span> <span class='ocrx_word' id='word_1_321' title='bbox 1419 3444 1485 3485; x_wconf 76' lang='lat'><strong>34.</strong></span> 
     </span>
    </p>
   </div>
   <div class='ocr_carea' id='block_1_6' title="bbox 544 3473 2393 3561">
    <p class='ocr_par' dir='ltr' id='par_1_12' title="bbox 544 3473 2393 3561">
     <span class='ocr_line' id='line_1_41' title="bbox 544 3473 2393 3561; baseline -0.007 -14"><span class='ocrx_word' id='word_1_322' title='bbox 544 3505 616 3551; x_wconf 85' lang='lat'><strong>10.</strong></span> <span class='ocrx_word' id='word_1_323' title='bbox 653 3504 833 3546; x_wconf 75' lang='lat' dir='ltr'><strong>Metluuc</strong></span> <span class='ocrx_word' id='word_1_324' title='bbox 862 3500 934 3555; x_wconf 74' lang='lat' dir='ltr'><strong>quc·</strong></span> <span class='ocrx_word' id='word_1_325' title='bbox 961 3504 1180 3553; x_wconf 65' lang='lat' dir='ltr'><strong>peterent.</strong></span> <span class='ocrx_word' id='word_1_326' title='bbox 1218 3504 1305 3545; x_wconf 88' lang='lat' dir='ltr'><strong>Sur</strong></span> <span class='ocrx_word' id='word_1_327' title='bbox 1334 3504 1379 3544; x_wconf 86' lang='lat' dir='ltr'><strong>la</strong></span> <span class='ocrx_word' id='word_1_328' title='bbox 1405 3502 1676 3548; x_wconf 68' lang='lat' dir='ltr'><strong>correlatiou</strong></span> <span class='ocrx_word' id='word_1_329' title='bbox 1702 3473 1787 3549; x_wconf 80' lang='lat' dir='ltr'><strong>des</strong></span> <span class='ocrx_word' id='word_1_330' title='bbox 1805 3498 1973 3561; x_wconf 81' lang='lat' dir='ltr'><strong>tem&#39;ps,</strong></span> <span class='ocrx_word' id='word_1_331' title='bbox 2002 3488 2393 3558; x_wconf 66' lang='lat' dir='ltr'><strong>cr.1v,v,not313·</strong></span> 
     </span>
    </p>
   </div>
   <div class='ocr_carea' id='block_1_7' title="bbox 2425 540 2459 2558">
    <p class='ocr_par' dir='ltr' id='par_1_13' title="bbox 2425 540 2459 2558">
     <span class='ocr_line' id='line_1_42' title="bbox 2425 540 2459 2558; baseline 0 0"><span class='ocrx_word' id='word_1_332' title='bbox 2425 540 2459 2558; x_wconf 95' lang='lat' dir='ltr'><strong> </strong></span> 
     </span>
    </p>
   </div>
  </div>
 </body>
</html>
