2517 3975
1236 15 1253 40 f

729 264 1118 303 nisronunuu
1155 266 1491 307 ALnxANnm
1529 272 1613 324 ιιι,
1657 272 1738 307 ιιι.
1777 273 1782 280 ·
2143 253 2223 308 ’13

228 374 350 425 >tur
389 385 401 424 :
459 367 677 443 quippe
724 370 977 426 illustria
1018 372 1039 398 ⁹
1087 372 1468 432 Macedonum
1515 379 1709 431 castra
1753 376 1886 429 visa
1923 355 2256 446 fulgorem'

256 460 592 515 Alexandro
649 462 1035 530 portendere,
1075 461 1232 531 quod
1268 464 1497 518 vestem
1544 464 1839 519 Persicam
1888 475 1954 518 ac
2000 463 2216 535 vulg-a-

254 566 379 605 rem
416 549 744 620 habuisset,
803 549 957 605 haud
1006 539 1281 623 ambigue
1320 568 1577 625 regnum
1618 552 1799 620 Asiae,
1845 552 2125 623 quoniam
2154 553 2218 607 in

255 638 460 693 eodem
489 636 690 694 babitu
720 638 938 693 Darius
968 637 1204 707 fuisset,
1241 656 1375 695 cum
1406 640 1736 711 appellatus
1765 642 1857 695 est
1878 640 1919 667 ¹⁰
1937 656 2072 696 rex.
2106 641 2218 698 Ve-

254 731 377 782 tera
407 742 636 798 quoque
666 730 884 793 omina,
914 731 978 783 ut
1015 728 1133 783 fere
1171 728 1256 795 fit,
1296 729 1633 785 sollicitudo
1663 733 2050 785 revocaverat
2076 743 2088 783 :
2122 746 2216 787 re-

252 816 625 871 censebant¹¹
643 817 797 870 enim
821 816 1084 886 Darium,
1108 818 1167 871 in
1201 818 1493 889 principio
1522 819 1757 889 imperii
1785 819 2064 888 vaginam
2096 819 2217 874 aci-

250 904 418 958 nacis
435 902 456 921 *
484 904 787 960 Persicam
809 904 1073 976 jussisse
1097 907 1312 961 mutari
1341 907 1405 960 in
1434 922 1565 962 eam
1593 905 1863 974 formam,
1884 923 2000 978 qua
2020 906 2215 963 Graeci

250 995 576 1060 uterentur,
614 994 1004 1065 protinusque
1036 993 1344 1054 Chaldaeos
1360 996 1400 1023 ¹²
1437 996 1870 1067 interpretatoS‚
1902 996 2215 1066 imperium

248 1082 575 1136 Persarum
601 1082 674 1136 ad
705 1097 808 1137 eos
834 1083 1240 1154 transiturum,
1264 1099 1518 1154 quorum
1547 1100 1710 1139 arma
1739 1089 1902 1140 esset
1930 1086 2210 1140 imitatus.

246 1171 524 1225 Ceterum
552 1172 701 1241 ipse,
735 1174 792 1226 et
817 1173 1020 1225 vatum
1048 1169 1365 1245 responso,
1390 1174 1543 1243 quod
1573 1172 1855 1229 edebatur
1882 1175 1945 1228 in
1970 1174 2212 1248 vulgus,

246 1261 305 1313 et
334 1260 552 1330 specie,
586 1275 717 1330 quae
756 1275 863 1330 per
906 1276 1179 1315 somnum
1228 1261 1426 1317 oblata
1465 1266 1609 1331 erat,
1660 1262 1974 1317 admodum
2017 1262 2211 1328 laetus,

244 1353 442 1401 castra
471 1348 543 1401 ad
573 1347 910 1417 Euphraten
937 1350 1166 1405 moveri
1193 1348 1381 1420 jubet.

318 1434 521 1489 Patrio
566 1450 732 1490 more
778 1436 1099 1494 Persarum
1138 1438 1416 1492 traditum
1453 1440 1546 1492 est
1567 1438 1607 1465 ¹⁸
1645 1442 1775 1493 orto
1814 1438 1943 1492 sole
1972 1439 2209 1496 demum

239 1521 592 1593 procedere.
625 1522 732 1576 Die
760 1522 885 1593 jam
913 1522 1135 1579 illustri
1165 1524 1406 1596 signum
1434 1540 1467 1579 e
1495 1524 1876 1579 tabernaculo
1909 1525 2075 1597 regis
2101 1525 2211 1582 bu-

239 1611 376 1665 cina
396 1610 415 1627 ¹*
449 1609 717 1666 dabatur.
737 1610 931 1681 Super
959 1613 1424 1679 tabernaculum,
1442 1614 1597 1669 unde
1627 1614 1701 1669 ab
1731 1613 2007 1670 omnibus
2033 1629 2210 1670 cons-

237 1699 361 1769 pici
399 1702 632 1768 posset,
672 1699 871 1772 imago
922 1701 1072 1755 solis
1121 1702 1399 1772 crystallo
1443 1701 1678 1757 inclusa
1715 1702 2001 1774 fulgebat.
2051 1699 2207 1759 Ordo

236 1792 441 1844 autem
469 1789 730 1859 agminis
749 1790 790 1817 ¹⁸
817 1791 942 1844 erat
971 1789 1128 1846 talis.
1150 1790 1340 1863 Ignis,
1365 1806 1541 1862 quem
1567 1791 1685 1862 ipsi
1704 1807 1933 1848 sacrum
1958 1796 2014 1847 et
2034 1795 2208 1849 aeter-

237 1893 385 1932 num
427 1877 740 1949 vocabant,
789 1879 1094 1948 argenteis
1143 1880 1435 1935 altaribus
1490 1880 1942 1951 praeferebatur.
1998 1882 2161 1952 Magi
2188 1881 2207 1898 ¹*

234 1966 501 2038 proximi
529 1968 788 2037 patrium
815 1981 1053 2023 carmen
1083 1967 1394 2024 canebant.
1436 1968 1642 2041 Magos
1671 1970 1921 2024 trecenti
1952 1972 2009 2024 et
2037 1983 2208 2024 sexa·

234 2057 413 2128 ginta
441 2056 696 2126 quinque
716 2055 976 2126 juvenes
992 2057 1011 2077 *
1034 2057 1441 2126 sequebantur
1470 2058 1739 2127 puniceis
1774 2057 2046 2112 amiculis
2065 2057 2084 2074 *
2107 2072 2210 2112 ve-

232 2145 369 2212 lati,
414 2143 622 2200 diebus
668 2146 851 2200 totius
893 2146 1034 2199 anni
1060 2146 1082 2163 ¹*
1124 2161 1303 2217 pares
1359 2159 1609 2200 numero
1658 2159 1670 2199 ε
1730 2145 1942 2215 quippe
2001 2145 2208 2213 Persis

230 2248 477 2305 quoque
492 2232 553 2286 in
567 2233 808 2289 totidem
824 2234 865 2260 ¹⁸
880 2234 1004 2288 dies
1024 2234 1341 2305 discriptus
1358 2236 1447 2289 est
1462 2249 1655 2288 annus
1667 2234 1709 2289 *.
1727 2233 1980 2287 Currum
1997 2234 2205 2290 deinde

227 2321 370 2377 Jovi
402 2326 700 2377 sacratum
730 2322 1003 2378 albentes
1026 2322 1317 2381 vehebant
1351 2322 1489 2393 equi
1518 2337 1530 2376 z
1562 2322 1675 2377 hos
1714 2322 1948 2378 eximiae
1978 2323 2205 2396 magni·

233 2410 463 2465 tudinis
494 2426 704 2483 equus,
740 2426 913 2483 quem
941 2409 1103 2465 Solis
1139 2411 1536 2482 appellabant,
1569 2408 1949 2481 sequebatur.
1992 2414 2204 2471 Aureae

285 2650 339 2697 9.
373 2650 531 2694 Castra
575 2650 778 2695 illustria
815 2650 934 2695 visa.
984 2650 1203 2702 Illa-stris,
1242 2650 1512 2707 equivalent
1556 2650 1666 2696 d'un
1708 2649 1968 2695 substantif
2006 2654 2207 2699 abstrait

230 2711 330 2764 (cf.
362 2716 436 2764 111,
468 2724 518 2766 u,
547 2717 658 2757 note
683 2714 776 2767 26).

288 2776 363 2819 10.
398 2774 538 2826 Quum
564 2775 812 2830 appellatus
841 2779 910 2820 eat
936 2773 1025 2831 (cf.
1046 2778 1200 2829 111„n,
1229 2781 1337 2820 note
1359 2775 1452 2831 27).

291 2840 364 2882 11.
403 2837 716 2892 Recensebaut,
744 2848 860 2892 pour
877 2849 1024 2882 secum
1049 2832 1324 2892 νερῖιιαῠακι,
1354 2838 1476 2882 n’est
1507 2849 1590 2892 pas
1609 2838 1668 2883 de
1695 2837 1907 2894 Pepoque
1947 2836 2198 2894 classique.

289 2901 364 2944 12.
398 2902 461 2942 La
489 2898 690 2953 ΟΙιαΙάέε,
719 2899 837 2944 dans
864 2899 909 2943 le
938 2910 1049 2944 sens
1067 2899 1111 2943 le
1126 2901 1234 2954 plus
1259 2899 1483 2944 restraint
1502 2900 1564 2944 du
1587 2907 1699 2955 mot,
1724 2901 1838 2963 etait
1861 2912 1954 2947 une
1982 2902 2204 2956 province

230 2961 292 3006 de
320 2962 368 3005 la
392 2961 663 3017 Babylobie‚
689 2973 771 3005 sur
810 2962 856 3007 le
882 2973 1019 3006 cours
1048 2961 1276 3006 interient
1304 2962 1361 3005 de
1387 2962 1679 3018 l’Euphratez,
1722 2962 1835 3019 dans
1863 2975 1927 3009 un
1956 2975 2067 3008 sens
2097 2964 2206 3019 plus

225 3022 427 3074 etendu,
455 3035 509 3067 ce
534 3035 640 3067 nom
671 3024 925 3079 s·applique
953 3022 980 3066 a
1007 3028 1134 3071 toute
1163 3024 1208 3068 la
1235 3025 1482 3078 Babylonia
1503 3031 1550 3070 et
1568 3027 1696 3069 aussi
1724 3025 1751 3069 a
1780 3026 1989 3079 l’empire
2009 3026 2201 3081 Babylo·

225 3088 489 3131 nien-dns
521 3086 781 3130 Chaldaeus
814 3084 987 3129 etaient
1026 3085 1287 3129 renommes
1329 3097 1412 3140 par
1450 3085 1579 3131 leurs
1609 3088 1967 3130 connaissances
2005 3089 2202 3133 astrolo-

224 3159 425 3205 giqueS.
1405 3180 1408 3185 -
1893 3202 1902 3211 .

284 3215 363 3256 13.
399 3208 633 3256 studitum
663 3213 750 3266 eat,
778 3210 1003 3256 entendez
1031 3221 1122 3254 moa
1149 3213 1237 3256 est.
1283 3212 1344 3254 Le
1371 3211 1537 3266 parfait
1582 3208 1779 3264 designo
1806 3211 1996 3255 l’action
2022 3223 2202 3257 comme

224 3272 514 3323 anterieure,
547 3273 666 3318 mais
693 3274 822 3318 aussi
847 3284 1027 3318 comme
1046 3272 1137 3317 liee
1158 3282 1240 3327 par
1254 3282 1335 3316 ses
1364 3273 1717 3329 consequences
1744 3284 1863 3321 avae
1892 3274 1934 3317 le
1961 3278 2114 3329 temps
2143 3271 2201 3318 οὺ

223 3336 321 3381 l’on
354 3337 503 3392 parte.
539 3337 619 3380 Get
648 3346 779 3390 usaue
807 3347 834 3380 a
863 3336 931 3380 έιέ
957 3335 1095 3380 diabli
1121 3340 1166 3380 ee
1193 3335 1300 3380 dure
1326 3347 1501 3391 cacare.
1548 3337 1672 3380 C’est
1698 3335 1819 3380 ainsi
1847 3346 1955 3391 que,
1982 3336 2079 3388 Odi,
2095 3348 2197 3380 *me-

224 3398 361 3449 ηιίιιί,
386 3399 504 3455 novi,
533 3399 676 3453 mevi,
701 3401 783 3441 om
810 3398 854 3442 le
879 3409 992 3441 sens
1011 3398 1072 3441 du
1102 3398 1307 3451 present.

2265 1886 2332 1942 10

2264 2242 2324 2296 11

279 3464 356 3506 ¹4.
394 3461 510 3505 Ordo
555 3461 770 3515 caminis.
805 3460 875 3505 Cr.
911 3460 1079 3504 l’ordre
1121 3461 1179 3505 de
1220 3461 1411 3506 marche
1433 3460 1491 3506 de
1532 3458 1723 3505 l'armee
1765 3459 1826 3505 de
1853 3463 2004 3515 cyrus
2031 3459 2200 3514 (xeno-
2263 3458 2280 3473 “

225 3523 375 3577 phou,
393 3523 655 3579 Cyropedie,
685 3526 796 3576 vm,
823 3523 899 3578 3).

280 3585 360 3634 15.
398 3586 609 3632 Totidem.
640 3589 813 3630 Autant
830 3584 891 3630 de
912 3584 1154 3643 §cuteque
1173 3585 1247 3634 les
1275 3586 1507 3633 Romains.
