2517 3975
316 750 381 806 51

316 833 385 895 52

347 3114 381 3168 5

442 173 547 235 §66
1200 197 1257 243 a.
1299 193 1469 236 cmm
1506 193 1642 236 num

441 305 735 375 impotens
762 306 945 360 animi
962 305 1024 376 ⁸⁸,
1055 307 1354 377 procurrit
1390 308 1452 360 in
1499 306 1682 379 regiae
1723 304 2103 375 vestibulum,
2137 305 2213 373 et,
2233 306 2387 379 <agili

440 394 751 448 excubanti
782 394 993 449 hasta*
1022 394 1231 462 ablata,
1268 396 1533 449 constitit
1562 396 1626 448 in
1658 394 1834 461 aditu,
1862 410 1976 465 quo
2008 410 2252 450 necesse
2282 399 2388 451 erat

438 481 544 548 iia,
588 483 687 553 qul
742 483 918 537 simul
966 487 1346 552 cenaverunt,
1390 484 1618 555 egredi.
1660 484 1944 539 Abierant
1990 484 2185 538 ceteri.
2218 484 2386 541 Clitus

439 569 685 625 ultimus
714 571 844 626 sine
870 571 1080 627 lumine
1110 573 1329 629 exibat.
1362 572 1549 638 Quem
1577 588 1703 641 rex,
1720 573 1994 644 quisnam
2024 575 2197 642 esset,
2224 574 2384 629 inter-

438 662 630 732 rogat.
665 659 978 715 Eminebat
1004 662 1174 715 etiam
1203 663 1265 714 in
1296 675 1444 717 voce
1473 662 1735 727 sceleris,
1768 661 1923 733 quod
1950 662 2209 732 parabat,
2244 667 2383 718 atro-

439 748 608 803 citaS.
639 747 714 802 Et
753 749 874 816 ille,
911 749 1037 820 jam
1076 765 1194 804 non
1234 766 1379 818 suae,
1421 750 1525 805 sed
1565 751 1730 822 regis
1771 750 1880 804 irae
1917 765 2161 817 memor,
2188 749 2379 805 Clitum

441 851 578 891 esse
595 836 637 864 ⁸²
665 836 722 890 et
749 836 821 890 de
850 837 1127 891 convivio
1148 837 1169 858 '¹
1200 838 1367 892 exire
1406 839 1730 908 respondit.
1780 837 1923 892 Haec
1960 837 2210 892 dicentis
2250 840 2380 893 latus
2455 873 2456 894 2

440 923 651 979 hasta*
687 924 1019 997 transfixit,
1067 926 1497 998 morientisque
1553 926 1847 997 sanguine
1894 926 2220 997 adspersus
2259 943 2273 982 ε
2316 927 2380 980 «1
2455 957 2456 998 3

439 1028 619 1079 nunc,
653 1013 865 1085 inquit,
897 1016 971 1070 ad
1008 1014 1343 1088 Philippum
1383 1020 1438 1071 et
1475 1016 1928 1074 Parmenionem
1966 1019 2024 1070 et
2060 1015 2331 1070 Attalum.
2360 1035 2375 1064 u
2453 1021 2456 1076 j

1238 1285 1490 1342 CAPUT
1544 1288 1598 1342 II
1746 1282 1774 1315 ⁹

562 1454 847 1519 Deeespoir
877 1454 1235 1505 d'Alexandre.
1268 1481 1331 1496 --
1360 1455 1672 1519 Expedition
1705 1462 1889 1506 contre
1920 1455 2270 1508 Sisimithres.

893 1559 957 1574 —-
989 1537 1128 1587 Mort
1158 1535 1223 1585 de
1257 1536 1497 1599 Philippa
1529 1540 1581 1586 et
1614 1536 1937 1601 d'Erigyius.

1286 1673 1403 1732 (ate,
1425 1667 1549 1733 328.)

508 1851 656 1912 Male
685 1855 961 1910 humanis
991 1856 1253 1927 ingeniis
1284 1859 1494 1910 natura
1521 1853 1837 1925 consuluit,
1872 1849 2029 1927 quod
2057 1858 2375 1929 plerumque

436 1963 554 2003 non
583 1946 797 2011 futura,
828 1945 933 2001 sed
963 1947 1261 2001 transacta
1293 1945 1716 2017 perpendimus
1737 1946 1775 2001 ¹.
1808 1944 2035 2018 Quippe
2066 1964 2189 2016 rex,
2231 1948 2373 2018 post·

435 2051 609 2106 quam
638 2035 722 2089 ira
751 2035 944 2089 mente
985 2033 1344 2101 decesserat,
1388 2035 1563 2089 etiam
1611 2034 1893 2090 ebrietate
1942 2036 2231 2101 discussa,
2273 2049 2374 2088 ma·

433 2123 798 2197 gnitudinem
834 2112 1120 2178 facinoris
1163 2139 1301 2178 sera
1347 2123 1744 2178 aestimatione
1792 2120 2119 2194 perspexit.
2153 2112 2373 2179 Videbat

429 2215 569 2269 tunc
605 2212 915 2267 immodica
943 2208 1210 2266 libertate
1242 2212 1512 2278 abusum,
1536 2212 1643 2267 sed
1662 2212 1878 2283 alioqui
1906 2204 2213 2285 egregium
2237 2206 2372 2266 bello

430 2304 647 2369 virum,
679 2306 754 2373 et,
795 2302 915 2355 nisi
945 2301 1320 2356 erubesceret
1357 2300 1553 2369 fateri,
1596 2306 1959 2356 servatorem
1990 2304 2088 2357 sui
2115 2302 2370 2358 occisum.

430 2391 788 2446 Detestabile
817 2389 1115 2444 carnificis
1141 2390 1543 2445 ministerium
1586 2394 1982 2461 occupaverat
2019 2408 2146 2460 rex,
2177 2389 2372 2445 verbo·

430 2495 564 2533 rum
601 2479 920 2547 licentiam,
955 2494 1088 2550 qua-1·
1137 2478 1278 2533 vino
1325 2482 1558 2549 poterat
1599 2480 1894 2550 imputari,
1942 2479 2191 2534 nefanda
2231 2472 2371 2532 caede

432 2570 611 2624 ultus,
653 2567 927 2623 Manabat
964 2568 1085 2622 toto
1126 2567 1425 2622 vestibulo
1471 2584 1650 2622 cruor
1689 2569 1864 2639 paulo
1914 2572 2050 2623 ante
2093 2567 2368 2623 convivae:

433 2658 650 2730 vigiles
699 2657 931 2711 attoniti
949 2657 990 2725 ²,
1033 2660 1090 2712 et
1130 2657 1508 2726 stupentibus
1556 2655 1803 2725 simileS,
1855 2657 2105 2727 procul⁸
2142 2653 2368 2717 stabant,

433 2744 893 2818 liberioremque
924 2747 1324 2815 paenitentiam
1355 2746 1611 2800 solitudo
1641 2746 1923 2802 exciebat.
1953 2747 2106 2821 Ergo
2136 2739 2369 2800 hastam*
2451 2806 2452 2811 ἵ

434 2854 508 2893 ex
538 2853 789 2907 corpore
811 2837 1073 2908 jacentis
1110 2834 1377 2890 evulsam
1404 2836 1645 2891 retorsit
1673 2838 1734 2889 in
1777 2840 1994 2892 semet:
2025 2839 2247 2910 jamque
2282 2820 2369 2883 ad·
2451 2886 2452 2891 ,

432 2930 701 2983 moverat
729 2928 975 2997 pectori,
1008 2943 1143 2981 cum
1171 2926 1448 2981 advolant
1474 2925 1714 2994 vigileS,
1747 2927 1806 2979 et
1831 2926 2181 2998 repugnanti
2206 2940 2233 2981 e
2267 2932 2368 2975 ma·

432 3018 614 3073 nibus
643 3020 1015 3087 extorquent,
1048 3016 1481 3085 allevatumque
1521 3015 1581 3068 in
1618 3015 2058 3070 tabernaculum
2106 3013 2362 3069 deferunt.

505 3108 608 3162 Ille
634 3106 800 3160 humi
826 3107 1234 3176 prostraverat
1260 3120 1502 3174 corpus,
1537 3105 1762 3177 gemitu
1790 3104 2124 3176 ejulatuque
2149 3102 2363 3156 misera·

488 3285 562 3326 36.
596 3283 770 3325 Animi.
800 3280 877 3328 cf.
910 3280 980 3333 w,
1010 3293 1079 3335 111,
1107 3288 1217 3324 note
1246 3286 1317 3326 15.

488 3345 561 3386 37.
597 3343 724 3384 Esse.
757 3344 926 3394 Ellipse
950 3344 1012 3386 du
1041 3343 1164 3395 sujet
1190 3355 1259 3386 se.

490 3408 551 3444 11.
579 3423 632 3434 —
662 3406 705 3444 ¹.
742 3402 859 3451 Quod
884 3404 1199 3455 perpendimus,
1221 3400 1483 3450 l'indieatil'.
1519 3402 1589 3450 cf.
1623 3402 1694 3460 lv,
1724 3406 1755 3465 l,
1785 3410 1893 3453 hote'
1918 3407 1966 3453 Β.

488 3467 537 3505 2.
571 3461 789 3504 Attoniti.
822 3465 943 3504 Dans
967 3473 1050 3504 son
1077 3474 1184 3507 sens
1204 3465 1550 3521 etymologique
1586 3467 1842 3518 ‹za-tonare.

492 3527 541 3571 a.
572 3521 750 3568 Procul.
787 3519 880 3573 cf„
909 3532 991 3565 sut·
1009 3526 1063 3565 ee
1083 3526 1191 3578 mot,
1213 3522 1264 3578 Ὗς
1290 3530 1376 3581 111,
1395 3524 1504 3572 flete
1524 3499 1593 3573 ὦ.
