2517 3975
341 993 370 1047 ..ι

386 3458 394 3468 ,
483 3437 529 3474 5.
565 3428 768 3480 Sperat-e,
794 3431 1021 3474 entendez
1037 3445 1216 3486 aper-are
1241 3438 1625 3485 misericordiam.

429 225 532 280 192
1187 242 1246 289 Q.
1287 241 1461 282 cmm
1497 243 1632 281 num

1220 501 1473 558 CAPUT
1511 501 1646 556 V111

1049 670 1373 719 Arrestation
1406 671 1471 719 de
1511 671 1765 724 Philotas,

1207 814 1468 868 (Autome,
1485 814 1612 868 330.)

499 993 801 1048 Advocato
844 996 965 1048 tum
1019 993 1265 1049 consilio
1315 995 1640 1050 amicorum
1658 995 1703 1060 *‚
1740 997 1838 1050 cui
1884 997 2083 1050 tamen
2128 997 2353 1052 Philotas

432 1082 730 1137 adhibitus
765 1098 884 1137 non
915 1084 1026 1147 est..
1068 1082 1493 1138 Nicomachum
1530 1084 1825 1139 introduci
1847 1084 2041 1157 jubet.
2076 1086 2135 1141 Is
2164 1087 2354 1151 eadem,

430 1187 564 1243 quae
600 1171 889 1225 detulerat
915 1172 1100 1225 frater
1130 1171 1202 1226 ad
1229 1188 1449 1244 regem,
1493 1174 1699 1228 ordine
1728 1175 2026 1243 exposuit.
2071 1175 2213 1229 Erat
2240 1175 2355 1230 Cra-

429 1263 594 1315 terus
622 1261 751 1332 regi
781 1276 955 1316 carus
984 1262 1048 1314 in
1070 1262 1276 1330 paucis
1294 1263 1335 1328 ¹,
1356 1264 1415 1316 et
1451 1278 1521 1318 eo
1550 1262 1814 1332 Philotae,
1850 1263 1925 1317 ob
1955 1264 2358 1318 aemulationem

429 1348 755 1420 dignitatis,
791 1350 1076 1404 adversus
1111 1368 1123 1406 :
1156 1365 1345 1421 neque
1374 1352 1689 1419 ignorabat
1725 1367 1882 1423 saepo
1926 1346 2246 1407 Aleicandri
2282 1368 2357 1404 au-

427 1438 598 1493 ribus
628 1439 810 1492 nimia
828 1439 1150 1510 jactatione
1178 1440 1416 1494 virtutis
1444 1445 1615 1512 atque
1647 1456 1844 1511 operae
1873 1456 2121 1512 gravem
2149 1440 2358 1506 fuisse²‚

430 1529 488 1580 et
516 1527 590 1581 ob
620 1543 708 1594 ea,
743 1543 863 1581 non
893 1528 1133 1598 quidem
1163 1528 1425 1596 sceleriS‚
1458 1529 1563 1583 sed
1594 1531 1978 1584 contumaciae
2010 1534 2207 1585 tamen
2249 1542 2361 1584 esse

431 1621 799 1686 suspectum.
838 1616 973 1670 Non
1002 1616 1176 1670 aliam
1204 1617 1549 1687 premendi⁸
1586 1618 1811 1672 inimici
1862 1619 2230 1674 occasionem
2277 1633 2359 1687 ap-

429 1705 641 1759 tiorem
670 1704 928 1759 futuram
946 1708 1132 1774 ratus,
1163 1705 1299 1761 odio
1331 1721 1440 1760 suo
1467 1706 1709 1777 pietatis
1736 1706 2069 1776 praeferens
2098 1707 2359 1777 speciem:

437 1813 459 1841 ι·
503 1791 762 1862 Utinam,
804 1792 1015 1862 inquit,
1046 1793 1109 1845 in
1137 1792 1430 1863 principio
1462 1809 1695 1864 quoque
1732 1794 1914 1866 hujus
1938 1795 2031 1849 rei
2078 1792 2362 1849 nobiscum

429 1881 829 1937 deliberasses
853 1882 865 1934 l
914 1881 1351 1949 SuasissemuS‚
1402 1883 1457 1936 si
1509 1881 1758 1937 Philotae
1815 1882 1997 1938 velles
2046 1885 2360 1954 ignoscere,

428 1966 722 2038 patereris
751 1967 952 2038 potius
980 1967 1267 2040 ignorare
1293 1982 1427 2022 eum
1456 1970 1739 2040 quantum
1767 1969 2004 2026 deberet
2032 1969 2161 2040 tibi,
2204 1981 2361 2040 quam

416 2063 618 2128 'usque
656 2056 732 2110 ad
767 2057 976 2111 mortis
1003 2059 1220 2111 metum
1248 2057 1562 2111 adductum
1590 2073 1838 2129 cogeres
1874 2059 2099 2130 saepius
2126 2060 2195 2113 de
2221 2056 2364 2127 peri·

428 2145 562 2200 culo
601 2160 734 2211 suo,
771 2160 947 2214 quam
974 2145 1045 2199 de
1087 2148 1184 2200 tuo
1213 2146 1514 2217 cogitare⁴
1539 2146 1850 2202 beneficio·
1880 2147 1984 2202 Ille
2032 2148 2186 2203 enim
2224 2160 2363 2200 sem-

427 2250 537 2306 per
560 2233 834 2288 insidiari
878 2232 985 2287 tibi
1014 2234 1269 2303 ‘potet-it,
1313 2235 1382 2287 tu
1428 2248 1550 2289 non
1581 2249 1815 2304 semper
1857 2235 2112 2290 Philotae
2155 2232 2360 2306 poteris

427 2322 767 2395 ignoscere.
808 2321 929 2376 Nec
958 2324 1054 2377 est
1080 2322 1238 2393 quod
1267 2322 1572 2377 existimes
1612 2338 1768 2393 eum,
1799 2324 1901 2394 qui
1948 2327 2169 2379 tantum
2202 2336 2364 2377 ausus

428 2411 538 2478 est,
570 2410 745 2465 venia
780 2425 961 2480 posse
989 2409 1224 2464 mutari.
1267 2408 1389 2464 Scit
1417 2425 1544 2477 eOS‚
1594 2411 1694 2480 qui
1738 2412 2205 2466 misericordiam
2237 2424 2366 2464 con-

429 2502 831 2571 sumpserunt,
868 2498 1123 2569 amplius
1155 2500 1438 2569 sperare³
1462 2514 1583 2554 non
1610 2515 1814 2569 posse.
1858 2500 1934 2554 At
1981 2515 2116 2573 egO,
2156 2496 2364 2555 etiamsi
2453 2531 2459 2612 1

427 2588 558 2658 ipse
594 2590 692 2645 vel
719 2588 1054 2660 paenitentia
1091 2589 1187 2642 vel
1215 2588 1503 2643 beneficio
1533 2592 1630 2643 tuo
1659 2589 1852 2644 victus
1870 2589 2180 2660 'quiescere
2211 2585 2364 2648 volet,

429 2679 655 2745 patrem
685 2677 818 2749 ejus
845 2678 1295 2731 Parmenionem
1311 2677 1353 2748 ⁶,
1384 2677 1530 2731 tanti
1560 2677 1767 2732 ducem
1795 2678 2110 2743 exercitus,
2143 2679 2198 2731 et
2223 2677 2367 2729 inve·

428 2766 615 2819 terata
669 2767 819 2836 apud
863 2766 1082 2821 milites
1141 2781 1282 2820 suos
1337 2764 1697 2832 auctoritate,
1744 2766 1900 2820 haud
1940 2768 2186 2821 multum
2228 2762 2364 2816 infra

430 2853 856 2923 magnitudinis
888 2863 1003 2909 tuae
1028 2852 1337 2925 fastigium
1364 2854 1645 2923 positum,
1677 2853 1803 2908 scio
1832 2869 1955 2907 non
1991 2869 2159 2925 aequo
2187 2850 2364 2906 animo

431 2941 680 2997 salutem
709 2942 815 2998 filii
842 2944 939 2997 sui
976 2942 1315 2998 debiturum
1351 2942 1480 2997 tibi.
1508 2940 1788 3005 Quaedam
1814 2941 2103 3005 beneficia
2129 2941 2360 2996 odimus.

481 3128 600 3169 vm.
633 3147 683 3157 -
707 3127 755 3171 1.
789 3127 840 3170 In
860 3128 1020 3182 paucis
1059 3138 1238 3173 comme
1264 3127 1384 3172 iuter
1417 3138 1595 3183 paucos.
1631 3127 1682 3171 Iu
1722 3131 1796 3171 est
1835 3127 2054 3184 employe
2091 3140 2172 3183 par
2209 3123 2364 3178 Quinta

428 3191 577 3233 curce
605 3187 721 3230 dan·
746 3188 790 3232 le
810 3200 919 3233 sens
939 3191 997 3233 de
1024 3191 1166 3239 inter.

481 3256 525 3293 2.
556 3249 730 3298 Fuisae,
761 3251 926 3304 ellipse
952 3252 1015 3295 du
1033 3254 1155 3306 sujet
1184 3264 1300 3299 eum.

481 3313 529 3354 3.
561 3309 800 3352 Pro-mendi
818 3321 992 3354 comme
1011 3314 1303 3366 opprimendi.

485 3378 532 3414 4.
567 3369 786 3421 conitar-e,
811 3370 973 3423 ellipse
990 3373 1050 3415 du
1077 3376 1201 3428 suiet
1217 3387 1334 3421 eum.

435 3493 533 3602 (vis,
552 3487 912 3600 garzzgionem.
946 3493 980 3531 11
1008 3491 1118 3535 etait
1146 3506 1204 3539 en
1239 3498 1405 3544 Media.
1442 3500 1545 3544 Tum
1572 3501 1725 3546 Mediae
1751 3502 2006 3558 unuquisque
2033 3504 2166 3559 copiis
2190 3495 2367 3557 pravom!

511 3579 524 3602 ‚
639 3577 653 3597 ,
748 3576 763 3593 .
