2517 3975
622 251 1015 291 msronmmm
1050 248 1387 289 nummu
1422 251 1548 300 vm,
1588 251 1691 291 xn.
2039 236 2136 293 301

168 359 439 414 desierat
455 359 497 387 ¹⁰
524 360 734 428 audiri,
769 363 1029 415 ceterum
1067 376 1141 415 ex
1172 364 1296 415 tota
1338 365 1501 429 petra
1546 357 1706 413 faces
1747 360 2143 433 refulgebant,

169 463 325 518 quas
384 448 772 502 accenderant
825 448 1095 515 barbari,
1146 452 1208 502 ut
1234 449 1271 476 ¹¹
1324 448 1505 502 tutior
1549 450 1711 502 esset
1762 448 1915 518 ipsis
1971 449 2140 520 fuga,

170 535 432 590 obscura
461 540 654 606 nocte,
684 553 790 607 per
820 537 981 590 invia
1010 553 1156 591 saxa
1186 537 1485 592 cursuris.

244 624 377 678 Rex
413 624 686 691 Balacr0,
727 626 828 695 qui
867 625 1295 695 specularetur,
1329 624 1667 693 praemissO,
1702 625 2005 696 cognoscit
2041 641 2143 696 pe·-
2197 622 2268 678 22

170 717 322 767 tram
377 712 516 785 fuga
564 712 846 767 Indorum
896 729 1034 768 esse
1080 713 1397 768 desertam.
1431 712 1612 782 Tum,
1658 713 1792 768 dato
1841 715 2041 785 signo,
2083 721 2147 768 ut

168 801 447 856 universi
483 803 939 869 conclamarent,
971 802 1363 872 incomposite
1394 801 1763 873 fugientibus
1792 805 2010 856 metum
2047 803 2144 857 in-

169 890 402 944 cussit:
433 891 737 962 multique,
771 893 1065 961 tamquam
1095 891 1331 947 adesset
1355 890 1568 957 hostiS‚
1601 906 1705 960 per
1733 891 1957 945 lubrica
1998 906 2144 945 saxa

166 993 394 1049 perque
432 979 629 1033 invias
671 985 833 1034 cotes
877 979 1232 1050 praecipitau
1278 978 1653 1041 occiderunt;
1691 978 1907 1048 plures,
1950 979 2147 1050 aliqua

169 1066 583 1121 membrorum
623 1070 790 1137 parte
825 1067 1086 1134 mulcati,
1127 1067 1200 1121 ab
1240 1068 1495 1137 integris
1540 1066 1761 1121 deserti
1798 1070 1960 1122 sunt.
1991 1066 2143 1136 Rex,

170 1156 444 1210 locorum
471 1157 665 1226 magis
686 1171 863 1225 quam
889 1155 1151 1210 hostium
1169 1156 1382 1221 victor,
1405 1157 1601 1209 tamen
1625 1170 1856 1227 magnae
1874 1156 2144 1211 victoriae

171 1243 442 1313 speciem
471 1242 783 1297 sacrificiis
814 1246 871 1297 et
899 1244 1057 1297 cultu
1083 1242 1307 1298 deum¹¹
1326 1242 1485 1297 fecit.
1506 1242 1639 1297 Arae
1661 1243 1726 1296 in
1755 1246 1923 1313 petra
1941 1243 2145 1299 locatae

172 1333 318 1386 sunt
354 1330 637 1386 Minervae
657 1333 678 1353 *
708 1331 1105 1402 victoriaeque
1124 1332 1166 1385 *.
1200 1331 1462 1385 Ducibus
1499 1331 1754 1394 itineris,
1785 1347 1901 1401 quo
1942 1332 2147 1387 subire

166 1419 443 1490 jusserat
477 1419 686 1475 leviter
719 1423 980 1474 armatos
1000 1420 1043 1487 *,
1075 1420 1192 1474 etsi
1226 1418 1545 1489 promissis
1583 1419 1813 1473 minora
1848 1420 2145 1488 praestite-

170 1509 622 1580 ranttpretium
659 1525 794 1563 cum
831 1508 945 1562 fide
975 1507 1270 1563 redditum
1301 1512 1421 1579 est;
1452 1512 1637 1579 petrae
1680 1507 2063 1579 regionisque
2089 1509 2145 1563 ei

171 1596 478 1667 adjunctoe
508 1596 816 1652 Sisocosto
847 1597 1024 1651 tutela
1052 1597 1377 1668 permissa.

953 1868 1203 1925 CAPUT
1252 1869 1367 1924 XII

492 2040 716 2104 Passage
746 2040 810 2089 de
838 2039 1055 2089 l'Indus.
1086 2065 1150 2077 —
1175 2037 1507 2089 Soumission
1539 2038 1831 2102 d'Omphis.

952 2179 1129 2236 (niver,
1144 2177 1379 2233 327-326.)

244 2359 392 2414 Inde
416 2359 719 2429 processit
747 2357 1101 2424 Ecbolima⁴,
1133 2358 1210 2424 et,
1234 2370 1369 2411 cum
1388 2356 1700 2427 angustias
1726 2354 1959 2410 itineris
1994 2355 2149 2410 obsi-

174 2448 306 2504 deri
332 2465 418 2502 xx
447 2447 713 2502 millibus
757 2449 1111 2502 armatorum
1141 2445 1212 2499 ab
1244 2444 1420 2500 Erice
1449 2445 1705 2517 quodam
1735 2446 2143 2515 comperisset,

173 2537 425 2610 gravius
455 2551 667 2608 agmen
697 2536 991 2589 exercitus
1031 2533 1213 2588 Coeno
1254 2533 1586 2589 ducendum
1624 2533 1877 2588 modicis
1910 2533 2145 2588 itineri-

175 2623 293 2677 bus
322 2624 583 2678 tradidit.
617 2624 772 2693 Ipse,
812 2637 1210 2694 praegressuS,
1250 2638 1357 2693 per
1393 2621 1723 2675 funditores
1744 2621 1765 2642 *
1795 2636 1862 2675 ac
1900 2623 2149 2692 sagitta-

176 2712 336 2766 rios*
357 2711 687 2765 deturbatis
707 2711 807 2779 qui
830 2709 1185 2765 obsederant
1204 2710 1441 2776 saltum,
1465 2709 1854 2779 sequentibus
1873 2725 1938 2764 se
1958 2710 2148 2779 copiis

174 2798 515 2853 viamfeoit.
548 2798 695 2867 Indi,
747 2799 877 2853 sive
907 2797 1041 2851 odio
1093 2797 1282 2862 duciS,
1315 2798 1443 2851 sive
1473 2796 1717 2868 gratiam
1746 2797 1996 2852 victoris
2026 2799 2145 2852 ini-

178 2889 320 2950 turi,
353 2886 569 2941 Ericen
612 2885 939 2957 fugientem
982 2885 1171 2939 adorti
1216 2885 1662 2952 interemerunt,
1692 2887 1984 2956 caputque
2013 2886 2147 2958 ejus

230 3078 303 3118 10.
339 3073 562 3126 venierat,
586 3082 701 3116 avec
729 3083 792 3116 un
822 3071 1019 3115 infinitif
1040 3071 1204 3126 passif,
1228 3076 1301 3114 est
1330 3070 1566 3115 contraire
1589 3068 1616 3113 ὲ
1643 3070 1823 3126 l’usage
1848 3071 1908 3116 de
1938 3073 1984 3116 la
2010 3082 2150 3127 prose

177 3135 432 3189 classique,
459 3136 537 3191 qui
562 3138 657 3177 met
676 3133 851 3178 desitus
877 3146 987 3177 aum.

228 3202 301 3241 11.
340 3196 415 3244 Ut.
455 3197 642 3250 L’usage
661 3196 891 3250 classique
929 3201 1000 3239 est
1034 3194 1092 3237 de
1134 3198 1301 3238 mettre
1330 3205 1408 3248 quo
1439 3192 1614 3238 devant
1640 3205 1703 3237 un
1733 3196 2021 3250 comparatis.
2053 3196 2145 3250 Quo

176 3260 356 3313 facilius
385 3259 589 3313 impetum
619 3258 808 3302 Caeaaria
829 3258 1077 3301 tardaret...
1105 3258 1260 3310 portas
1289 3255 1480 3299 abstrait
1510 3258 1658 3311 (Caes.‚
1689 3258 1794 3301 Bel.
1832 3257 1957 3312 Cim,
1987 3261 2018 3313 1,
2043 3260 2164 3315 97).,

178 3344 230 3354 —
264 3322 423 3375 Leqem
463 3322 630 3364 brevem
670 3331 767 3363 esse
809 3323 1000 3374 oportet,
1044 3329 1123 3373 qao
1160 3318 1351 3371 facilia-⁹
1392 3318 1446 3361 ab
1490 3319 1712 3373 imperitia
1753 3323 1958 3364 teneatur
1992 3320 2147 3375 (Sem,

179 3381 286 3438 Ep„
307 3387 379 3432 94.
406 3383 499 3436 30).

230 3447 303 3491 12.
338 3445 486 3489 Deam.
519 3443 613 3498 CL,
638 3455 715 3487 sur
742 3454 798 3488 ce
822 3443 1004 3498 genitis,
1032 3446 1103 3494 lv,
1131 3454 1191 3496 vi,
1217 3447 1327 3486 note
1350 3447 1397 3488 ὃ.

231 3510 317 3551 xu.
353 3530 403 3538 —
432 3508 473 3550 1.
503 3505 748 3552 Ecbolima.
786 3509 916 3550 cette
953 3506 1066 3548 ville
1102 3504 1258 3547 devait
1287 3503 1386 3550 etre
1434 3516 1524 3548 non
1566 3504 1662 3548 loin
1705 3504 1767 3549 du
1815 3503 2046 3548 confluent
2082 3502 2145 3546 du

187 3570 372 3623 Kophen
400 3567 591 3626 (rivi'ere
612 3568 668 3611 de
692 3567 880 3622 Caboul)
909 3572 955 3611 et
982 3568 1043 3612 de
1067 3566 1260 3612 l’lnduS.

2199 889 2271 944 23
