2517 3975
356 346 388 400 4

320 2476 387 2529 10

321 2742 380 2795 11

449 222 555 278 346
1211 241 1271 286 Q.
1307 241 1480 280 cmm
1516 243 1653 282 nuri

516 346 715 400 Laetus
745 347 841 401 1118
881 346 1109 402 hortari
1148 348 1417 403 nauticos
1462 349 1661 419 coepit,
1695 348 2112 403 incumberent
2145 348 2394 402 remis⁸z
2472 409 2473 412 Ἴ

450 457 472 482 α
515 435 728 490 adesse
787 435 963 491 finem
1021 437 1276 504 laboriS,
1324 436 1596 491 omnibus
1652 436 1808 490 votis
1870 438 2194 505 expetitum
2237 453 2248 487 ε
2288 436 2397 506 jam
2472 481 2473 492 ,

444 522 594 578 nihil
629 524 840 594 gloriae
881 524 1108 590 deesse,
1151 524 1299 578 nihil
1341 525 1580 580 obstare
1620 525 1848 591 virtuti,
1885 525 2017 578 sine
2056 525 2177 578 ullo
2216 524 2397 577 Martis
2472 521 2473 526 ’

444 611 788 667 discrimine
807 613 850 678 ⁶,
878 613 1008 668 sine
1050 614 1348 683 sanguine
1384 612 1589 667 orbem
1639 616 1814 667 terrae
1861 612 1934 666 ab
1975 612 2098 665 illis
2138 613 2266 683 capi
2295 626 2399 666 :ne

444 702 715 754 naturam
753 702 988 772 quidem
1018 702 1260 771 longius
1296 716 1477 770 posse
1515 700 1859 770 procedere,
1890 700 2066 753 brevi
2090 700 2399 772 incognita,

447 790 566 842 nisi
613 790 1075 857 immortalibus,
1109 805 1246 844 esse
1271 790 1533 844 visuros,
1581 812 1603 839 n
1650 790 1882 843 Paucos
1932 791 2133 843 tamen
2181 789 2396 860 navigio
2472 849 2473 852 Ἴ

448 880 648 935 emisit
692 880 753 933 in
797 880 1017 948 ripam,
1040 882 1141 948 qui
1182 881 1455 949 agrestes
1488 894 1678 950 vagos
1720 880 2085 948 exciperent,
2128 895 2160 932 e
2210 878 2403 948 quibus
2472 873 2473 878 '

447 970 698 1024 certiora
738 968 904 1021 nosci
947 984 1127 1037 posse
1166 967 1463 1037 sperabat.
1495 968 1611 1039 Illi,
1638 968 1884 1021 scrutati
1923 968 2123 1021 omnia
2160 968 2401 1038 tuguria,

445 1057 677 1114 tandem
731 1055 980 1110 latentes
1037 1071 1381 1125 repperere.
1413 1054 1540 1123 Qui,
1585 1057 1942 1127 interrogati
1989 1072 2168 1125 quam
2216 1055 2403 1126 procul

444 1146 683 1199 abesset
711 1160 894 1215 mare,
928 1144 1366 1214 responderunt
1397 1167 1419 1192 α
1453 1143 1677 1198 nullum
1709 1145 1873 1215 ipsos
1898 1145 1914 1173 ⁷
1937 1161 2124 1211 mare,
2157 1161 2236 1199 ne
2267 1145 2403 1199 fama

444 1233 696 1304 quidem,
731 1236 1029 1303 accepisse
1051 1233 1099 1301 ⁸3
1133 1235 1395 1288 ceterum
1431 1234 1607 1288 tertio
1645 1233 1740 1287 die
1777 1234 2081 1302 perveniri
2126 1249 2309 1302 posse
2339 1234 2401 1287 ad

443 1338 650 1392 aquam
700 1338 975 1389 amaram,
1028 1339 1159 1393 quae
1211 1325 1619 1391 corrumperet
1677 1323 1903 1375 dulcem
1948 1346 1995 1375 ».
2046 1323 2398 1377 Intellectum

444 1414 533 1465 est
561 1427 723 1465 mare
761 1411 1082 1464 destinari⁹
1113 1411 1184 1463 ab
1219 1412 1451 1482 ignaris
1485 1414 1712 1465 naturae
1755 1411 1910 1481 ejus,
1940 1411 2146 1481 Itaque
2187 1411 2398 1481 ingenti

445 1500 743 1554 alacritate
793 1500 1007 1552 nautici
1056 1501 1370 1570 remigant,
1417 1503 1472 1552 et
1516 1500 1784 1569 proximo
1826 1498 2102 1571 [quoque]
2143 1500 2259 1566 die,
2300 1513 2394 1569 quo

442 1588 690 1659 propius
721 1604 859 1656 spes
889 1587 1335 1654 admovebatur,
1370 1587 1668 1641 crescebat
1697 1587 1875 1641 ardor
1905 1589 2262 1641 animorum.

513 1677 711 1730 Tertio
740 1677 861 1748 jam
901 1675 992 1729 die
1033 1676 1277 1730 mixtum
1316 1675 1540 1728 flumini
1581 1676 1819 1730 subibat
1852 1692 2033 1743 mare,
2069 1675 2189 1729 leni
2228 1676 2393 1729 adhuc

444 1768 595 1819 aestu
656 1765 1046 1818 confundente
1109 1763 1380 1833 dispares
1435 1762 1644 1816 undae.
1688 1764 1835 1816 Tum
1894 1764 2068 1816 aliam
2126 1765 2385 1828 insulam,

443 1854 636 1907 medio
678 1853 836 1905 amni
877 1853 1065 1914 sitam,
1097 1851 1279 1905 evecti
1301 1849 1342 1877 ¹⁰
1372 1850 1545 1920 paulo
1578 1850 1815 1916 lentiuS,
1849 1852 1984 1921 quia
2014 1868 2230 1906 cursus
2265 1854 2388 1907 aestu

444 1940 1011 2010 reverberabatur¹¹‚
1045 1940 1343 2010 applicant
1381 1940 1631 1994 classem
1652 1957 1666 2005 ;
1701 1943 1758 1993 et
1794 1939 1867 1993 ad
1905 1944 2269 1995 commeatus
2301 1955 2386 2011 pe·-

442 2031 650 2086 tendos
707 2028 1083 2095 discurrunt,
1145 2029 1343 2082 securi
1399 2043 1579 2082 casus
1605 2029 1643 2056 ¹'
1697 2028 1862 2097 ejuS,
1912 2031 2011 2099 qui
2069 2029 2390 2099 supervenit

442 2120 688 2193 ignaris.
727 2116 923 2172 Tertia
973 2118 1158 2171 ferme
1202 2118 1348 2171 hora
1398 2122 1542 2184 erat,
1585 2133 1717 2171 811111
1767 2121 1918 2171 stata
1970 2119 2103 2173 vice
2146 2121 2395 2174 Oceanus

443 2211 780 2262 exaestuans
837 2206 1040 2260 invehi
1088 2207 1259 2275 coepit
1321 2207 1376 2258 et
1430 2209 1592 2259 retro
1648 2206 1864 2259 flumen
1912 2223 2178 2277 urgere:
2225 2206 2367 2276 wod

441 2298 630 2365 primo
675 2296 1013 2362 coercitum,
1048 2294 1258 2348 deinde
1297 2293 1701 2347 vehementius
1739 2295 2000 2363 pulsum,
2035 2296 2259 2366 majore
2292 2296 2391 2348 im—

443 2388 580 2455 petu
619 2385 934 2439 adversum
973 2385 1296 2453 agebatur,
1359 2397 1534 2453 quam
1580 2383 1866 2437 torrentia
1910 2386 2205 2453 praecipiti
2241 2384 2391 2437 alveo

442 2475 770 2528 incurrunt.
817 2473 1024 2544 Ignota
1052 2472 1233 2542 vulgo
1276 2469 1409 2524 freti
1436 2471 1476 2499 ¹⁸
1506 2474 1707 2525 natura
1748 2474 1891 2538 erat,
1934 2477 2314 2544 monstraque
2345 2472 2395 2523 et

442 2564 548 2616 irae
576 2563 748 2617 deum
780 2562 998 2615 indicia
1037 2575 1282 2615 cernere
1313 2558 1668 2614 videbantur
1683 2560 1740 2612 ¹⁴.
1775 2560 2096 2616 Identidem
2129 2563 2390 2616 intumes-

443 2664 587 2705 cens
619 2667 801 2720 mare‚
837 2651 981 2703 etin
1022 2664 1263 2717 campos
1301 2648 1478 2716 paulo
1524 2650 1653 2701 ante
1694 2649 1889 2702 siccos
1921 2650 2283 2705 descendere
2305 2662 2387 2702 su-

440 2739 768 2809 perfusum.
801 2737 1066 2807 Jamque,
1103 2735 1314 2790 levatis
1353 2737 1614 2807 navigiis
1644 2739 1702 2790 et
1730 2739 1852 2790 tota
1890 2738 2087 2793 classe
2112 2740 2385 2809 dispersa,

443 2829 543 2900 qui
573 2827 825 2897 expositi
854 2829 1037 2894 erant,
1072 2824 1341 2895 undique
1373 2825 1445 2878 ad
1477 2840 1661 2879 naves
1680 2825 1721 2893 ¹²,
1754 2826 1965 2895 trepidi
2000 2829 2059 2881 et
2088 2826 2383 2897 improviso

493 2999 536 3040 ὅ.
568 2996 816 3039 Ιηοιιηιὺενε
842 2995 978 3039 remis
1016 2999 1089 3038 est
1119 2993 1353 3049 poetique.

495 3060 541 3100 6.
579 3058 861 3100 Discrimina
885 3057 956 3102 Cf.
986 3060 1133 3108 lv,1x,
1164 3062 1273 3099 note
1293 3057 1366 3101 33.

495 3123 542 3162 ’1.
576 3118 715 3172 Ipsos,
743 3131 859 3173 pour
886 3131 948 3162 se.

494 3182 541 3226 8.
577 3180 814 3234 Accepisse
840 3193 974 3232 mare,
1004 3193 1122 3236 pour
1150 3180 1375 3224 audivisse
1403 3180 1454 3224 de
1482 3180 1612 3234 mari,
1648 3184 1723 3224 est
1742 3179 1978 3235 poetIque.

495 3245 540 3285 9.
578 3241 820 3296 Destinam',
851 3254 1028 3287 comme
1051 3242 1291 3298 decimari.

496 3305 563 3344 10.
594 3302 747 3344 Ευεοιιῖ
777 3302 980 3355 insulam,
1009 3317 1124 3358 pour
1152 3303 1342 3349 vellendo
1370 3304 1564 3348 assecuti
1582 3304 1790 3358 insulam,
1811 3308 1882 3347 est
1901 3303 2137 3361 poetique.

497 3365 563 3404 1¹.
594 3361 977 3421 Bauer-berabatur‚
1008 3371 1102 3408 mot
1146 3378 1249 3410 rare
1288 3372 1336 3410 et
1362 3366 1617 3422 posterieur
1645 3365 1671 3409 8
1700 3370 1921 3422 Auguste.

497 3424 567 3463 19.
606 3418 759 3461 Securi
783 3431 926 3464 cavus.
961 3425 1033 3466 cf.
1067 3429 1116 3476 V,
1139 3439 1187 3480 x,
1212 3433 1321 3470 note
1340 3432 1410 3472 Ἥ.

498 3485 562 3525 13.
595 3478 736 3528 Freh',
757 3478 801 3520 la
819 3492 936 3528 mer.
967 3486 1333 3533 ordinairement
1357 3501 1420 3532 un
1449 3489 1635 3535 detroit.

498 3545 564 3583 14.
602 3538 877 3590 Videbantur,
903 3545 1123 3597 suppleez
1146 3549 1255 3592 sibi.
1282 3552 1348 3594 Ils
1374 3540 1729 3605 s‘imaginaieht.
