2517 3975
335 2589 401 2643 10

462 238 564 293 342
1217 256 1274 300 Q.
1315 256 1488 294 cmm
1526 255 1668 292 aum

461 377 630 416 amne
658 361 696 429 ²,
733 377 840 431 per
877 378 1050 433 quem
1097 365 1224 417 erat
1270 362 1401 433 ipse
1444 363 1864 435 navigaturae,
1904 363 2110 432 eopias
2146 362 2404 418 duceret:

460 465 561 504 eos
599 451 813 517 autem,
849 450 950 522 qui
982 451 1251 504 comitari
1292 465 1428 505 eum
1464 451 1755 516 solebant,
1787 451 2042 519 imponit
2079 450 2144 504 in
2182 451 2404 517 naves*‚

459 543 516 594 et
546 539 608 592 in
635 538 787 592 fines
819 540 1121 594 Mallorum
1150 540 1411 595 seeundo
1443 555 1613 595 amne
1641 541 1972 595 devehitur.

527 629 671 683 Inde
695 629 990 683 Sabarcas
1010 630 1031 656 ⁸
1062 629 1224 696 adiit,
1257 629 1513 685 validam
1542 631 1725 684 Indiae
1754 636 2012 701 gentem,
2042 645 2176 700 quae
2204 630 2405 700 populi,
2468 669 2469 684 1

458 733 578 772 non
605 733 811 790 regum
842 719 1091 789 imperio
1121 720 1463 790 regebatur.
1495 735 1571 772 Lx
1602 718 1785 772 millia
1828 718 2091 790 peditum
2118 719 2407 783 habehant,

460 808 723 879 equitum
754 824 860 862 sex
909 808 1129 861 millia:
1159 809 1272 862 has
1319 809 1521 879 copias
1561 824 1771 862 currus
1810 826 1845 861 n
1898 807 2310 877 sequebantur.
2352 824 2409 861 m

460 896 659 964 duceS‚
703 900 995 966 spectatos
1025 896 1241 951 virtute
1288 896 1521 966 bellica,
1570 896 1900 968 elegerant.
1934 896 2010 950 At
2036 897 2141 965 qui
2170 897 2234 950 in
2262 897 2410 967 agria

459 990 628 1042 erant
658 986 910 1053 proximi
949 985 1178 1038 flumini
1219 1015 1294 1029 —
1336 985 1681 1056 frequentes
1720 988 1918 1038 autem
1948 985 2140 1052 view,
2174 986 2412 1039 maxime
2468 987 2469 1012 ³

461 1074 521 1128 in
551 1074 698 1142 ripa,
733 1072 1030 1127 habebant
1055 1101 1129 1115 -
1156 1077 1218 1128 ut
1257 1072 1459 1128 videre
1504 1077 1689 1129 totum
1718 1090 1970 1142 amnem,
2009 1090 2126 1145 qua
2171 1074 2412 1144 prospici

460 1162 707 1232 poterat,
741 1162 1002 1232 navigiis
1033 1164 1418 1228 constratum,
1446 1164 1504 1217 et
1523 1165 1610 1218 tot
1638 1163 1886 1216 militum
1914 1178 2079 1215 arma
2119 1162 2408 1234 fulgentia,

460 1249 649 1304 territi
689 1265 842 1304 nova
882 1249 1058 1321 facie,
1097 1250 1344 1305 deorum
1380 1251 1701 1305 exercitum
1752 1254 1808 1303 et
1847 1249 2069 1304 alium*
2108 1249 2407 1305 Liberum‘

458 1336 712 1405 Patrem,
746 1338 977 1393 celebre
1003 1339 1065 1392 in
1096 1339 1217 1392 illis
1238 1338 1543 1411 'gentibus
1594 1354 1836 1405 nomen,
1870 1338 2196 1392 adventare
2240 1338 2410 1393 crede·

457 1426 619 1481 bant.
648 1427 802 1482 Hine
833 1427 1084 1481 militum
1115 1428 1357 1495 elamor,
1379 1426 1519 1482 hine
1546 1442 1844 1481 remorum
1870 1427 2103 1496 pulsuS,
2126 1427 2409 1497 variaeque

459 1517 765 1571 nautarum
823 1532 1002 1571 voees
1049 1516 1431 1584 hortantium,
1477 1517 1724 1586 pavidas
1773 1530 1951 1568 aures
1999 1516 2403 1586 impleverant.

458 1604 617 1676 Ergo
644 1605 916 1660 universi
947 1604 1017 1658 ad
1057 1620 1183 1669 θος,
1236 1605 1338 1676 qui
1376 1606 1439 1658 in
1480 1605 1668 1658 armis
1710 1607 1897 1672 erant,
1929 1606 2201 1666 currunt,
2232 1603 2409 1657 furere

459 1694 859 1749 clamitantes:
894 1710 1025 1748 eum
1065 1694 1158 1747 dis
1188 1694 1465 1764 proelium
1493 1694 1769 1760 initui-oe,
1810 1692 2053 1763 navigia
2095 1708 2217 1746 non
2247 1706 2408 1763 posse

459 1785 787 1850 numerari,
823 1799 951 1853 quae
983 1783 1243 1837 invictos
1266 1784 1432 1838 viros
1456 1782 1762 1837 veherent.
1787 1782 2156 1851 Tantumque
2185 1782 2245 1835 in
2267 1769 2405 1836 exer-

458 1872 638 1926 eitum
687 1888 934 1926 suorum
977 1872 1231 1926 intulere
1263 1872 1537 1939 terroriS,
1576 1874 1635 1925 ut
1666 1873 1893 1941 legatos
1921 1873 2244 1939 mitterent,
2277 1885 2400 1942 gen-

456 1963 575 2017 tem
603 1961 928 2016 dedituros,

529 2052 639 2104 His
669 2053 731 2104 in
763 2051 934 2105 fidem
964 2052 1241 2123 aceeptiS‚
1277 2051 1350 2105 ad
1398 2051 1545 2104 alias
1584 2051 1794 2105 deinde
1839 2052 2053 2120 gentes
2092 2052 2298 2119 quarto
2324 2047 2401 2100 die

456 2142 747 2212 pervenit.
792 2141 994 2195 Nihilo
1025 2143 1162 2212 plus
1214 2141 1392 2195 animi
1442 2139 1539 2194 his
1580 2140 1710 2204 fuit,
1753 2155 1925 2210 quam
1969 2139 2185 2194 ceteris
2214 2138 2401 2192 fuerat.

458 2236 658 2305 Itaque
689 2235 904 2305 oppido
936 2237 1019 2290 ibi
1050 2236 1306 2303 condito,
1339 2235 1494 2305 quod
1522 2234 1966 2288 Alexandriam⁵
1987 2232 2404 2302 appellarijus-

457 2328 631 2396 serat,
667 2325 813 2378 fines
853 2341 1071 2393 eorum,
1116 2326 1217 2396 qui
1255 2325 1548 2380 Musicani
1584 2324 1976 2393 appellantur,
2009 2324 2271 2376 intravit.
2308 2319 2403 2374 Hic

458 2414 528 2467 de
544 2414 800 2466 Teriolte
822 2417 1057 2484 satrape
1072 2415 1110 2483 *‚
1129 2430 1303 2483 quem
1323 2412 1797 2482 Parapamisadis
1820 2411 2195 2482 praefecerat,
2215 2410 2403 2464 iisdem

457 2503 859 2575 arguentibuS‚
892 2503 1241 2573 eognovit⁰;
1278 2503 1575 2572 multaque
1607 2516 1779 2554 avare
1812 2517 1879 2553 ae
1913 2503 2176 2570 superbe
2206 2500 2401 2554 fecisse

458 2594 789 2646 convictum
837 2592 1092 2646 interfici
1131 2591 1342 2661 jussit.
1376 2591 1662 2661 Oxyartes
1689 2590 1728 2654 ⁷,
1774 2589 2038 2657 praetor*
2079 2590 2400 2644 Bactriano-

457 2696 607 2748 rum,
642 2696 760 2734 non
791 2680 1098 2734 absolutus
1129 2680 1326 2746 mode,
1361 2680 1466 2734 sed
1495 2681 1668 2734 etiam
1692 2677 1829 2749 jure
1859 2679 2085 2732 amoris
2116 2673 2401 2749 amplioris

506 2904 553 2949 2.
587 2901 739 2953 Amne,
768 2909 880 2943 sens
917 2899 1054 2944 doute
1076 2898 1327 2942 l’Acesine.

506 2970 552 3010 3.
588 2964 807 3010 saharcae.
843 2965 902 3006 Ce
931 2963 1098 3016 peuple
1133 2962 1329 3007 habitait
1361 2961 1386 3007 a
1405 2961 1576 3006 l'ouest
1604 2962 1687 3006 des
1720 2959 1953 3012 Sudraeae,
1972 2971 2062 3004 sur
2097 2962 2172 3005 les
2197 2959 2333 3005 boi-ds
2354 2953 2400 2998 de

455 3025 681 3070 l’Acesine
719 3032 767 3070 et
794 3026 851 3068 de
879 3025 1070 3069 l’lndus.

506 3094 552 3135 4.
588 3089 754 3133 Alium.
802 3086 1028 3141 L'epoque
1073 3087 1303 3143 classique
1348 3086 1497 3131 aurait
1547 3085 1699 3142 plutot
1740 3084 1824 3127 mis
1879 3084 2090 3127 alterum.
2129 3084 2204 3128 cr.
2248 3084 2316 3134 Vl,
2350 3089 2398 3129 m

455 3157 562 3197 note
583 3155 646 3194 13.

507 3219 552 3257 5.
587 3210 916 3254 Alexandriam.
946 3214 1075 3256 cette
1103 3214 1319 3257 nouvelle
1349 3208 1623 3256 Alexandria
1653 3210 1765 3254 etait
1806 3210 1956 3253 situee
1998 3220 2057 3252 au
2104 3209 2328 3254 confluent
2353 3202 2395 3244 de

454 3275 677 3320 I'Acesine
697 3280 747 3313 el.
766 3272 823 3315 de
852 3273 1043 3317 l'lndus.

506 3340 553 3379 6.
590 3331 810 3384 Goanovit,
832 3337 977 3377 terme
1008 3336 1255 3391 technique
1284 3337 1341 3381 de
1360 3336 1404 3379 la
1431 3337 1600 3390 langue
1617 3333 1875 3388 judiciaire.
1905 3333 2133 3377 Instruit-e
2155 3344 2218 3377 un
2237 3325 2394 3386 proc&-

461 3397 615 3439 Verres
650 3391 804 3432 adesse
824 3394 1023 3447 jubebat,
1060 3398 1212 3441 Verres·
1247 3397 1540 3453 coamecebat,
1590 3398 1742 3440 Verres
1772 3395 2020 3448 judicabat.
2065 3394 2223 3438 C‘eeait
2251 3384 2394 3435 Verris

457 3454 535 3509 qui
564 3452 705 3564 οἰῐῧίὶῑ»
735 3451 896 3494 Verres
916 3457 995 3508 qui
1016 3457 1280 3503 instruisait
1296 3460 1499 3510 l'asraire,
1522 3459 1687 3502 Verres
1707 3459 1785 3513 qui
1805 3458 2076 3514 prononeait
2112 3456 2245 3511 (cim,
2269 3453 2392 3499 Verso

452 3518 582 3568 11‚11,
607 3520 626 3557 1
683 3547 693 3558 .

510 3580 556 3618 7.
593 3575 825 3632 oxyartes,
842 3577 886 3619 le
915 3577 1024 3630 pere
1042 3580 1100 3622 de
1118 3583 1300 3625 Roxane
1331 3583 1461 3636 (vm,
1480 3592 1545 3637 tv,
1560 3585 1658 3638 ⁴2³).
