2517 3975
349 1016 377 1073 1

437 232 543 287 232
1198 249 1251 293 Q.
1294 247 1466 285 cun-rr
1501 232 1640 285 itur-1

1246 489 1498 545 CAPUT
1546 490 1595 543 V

646 642 934 693 Alexandre
968 642 1097 689 dans
1134 642 1181 689 la
1216 640 1494 703 Sogdiana.
1525 668 1585 676 —
1615 641 1844 703 Passage
1878 640 1941 688 de
1974 640 2172 690 l’Oxus.

979 750 1042 759 —-
1079 723 1272 772 Bessus
1303 718 1436 771 livre
1471 722 1501 770 a
1534 722 1847 770 Alexandre.

1189 853 1482 911 (Printcmps,
1512 854 1635 910 329.)

510 1013 694 1085 Igitur
732 1012 1179 1067 Bactrianorum
1227 1013 1478 1084 regione
1517 1013 1802 1067 Artabazo
1835 1014 2066 1078 tradita,
2101 1007 2350 1067 sarcinas¹

441 1105 496 1156 et
527 1102 975 1171 impedimenta²
1003 1102 1240 1155 ibicum
1263 1102 1540 1172 praesidio
1573 1102 1872 1173 relinquit.
1898 1103 2054 1170 Ipse,
2079 1118 2206 1157 cum
2224 1113 2358 1168 expe·

440 1192 558 1245 dito
596 1191 856 1262 agmine,
913 1191 1038 1245 loca
1085 1189 1325 1245 deserta
1372 1191 1842 1261 Sogdianorum³
1881 1192 2082 1256 intrat,
2113 1193 2358 1244 nocturno

440 1279 649 1334 itinere
695 1280 1019 1333 exercitum
1064 1263 1314 1334 ducens.
1366 1281 1686 1351 Aquarum‚
1737 1283 1800 1336 ut
1839 1280 2000 1335 ante⁴
2039 1279 2360 1340 dictumest,

439 1368 685 1437 penuria
712 1367 879 1438 prius
905 1368 1315 1437 desperatione
1346 1384 1519 1439 quam
1540 1369 1838 1423 desiderio
1862 1369 2110 1424 bibendi
2130 1368 2277 1422 sitim
2295 1379 2365 1418 ac·

440 1456 693 1514 cendit⁸.
718 1457 829 1509 Per
850 1470 991 1513 cccc
1013 1457 1203 1509 stadia
1222 1457 1241 1476 *
1265 1472 1339 1511 ne
1371 1457 1637 1511 modicus
1661 1457 1892 1528 quidem
1923 1457 2132 1511 humor
2150 1454 2364 1510 exsistit.

441 1546 671 1599 Arenas
702 1561 885 1615 vapor
916 1545 1112 1599 aestivi
1145 1546 1295 1600 solis
1318 1547 1619 1600 accendit:
1646 1562 1775 1616 quae
1807 1546 1909 1599 ubi
1930 1546 2186 1616 flagrare
2204 1556 2365 1611 coepe-

440 1639 598 1695 runt.
634 1632 785 1688 haud
818 1649 999 1688 secus
1028 1649 1201 1703 quam
1222 1635 1552 1688 continenti
1575 1634 1844 1688 incendio
1862 1639 2064 1688 cuncta
2083 1634 2364 1688 torrentur.

441 1721 645 1792 Caligo
678 1723 908 1787 deinde,
944 1723 1258 1777 immodico
1282 1728 1457 1777 terrae
1489 1723 1715 1777 fervore
1734 1724 2004 1786 excitata,
2028 1722 2214 1776 lucem
2231 1718 2364 1786 tegit,

441 1826 896 1882 camporumque
956 1827 1073 1865 non
1121 1813 1232 1865 alia
1282 1827 1455 1882 quarn
1512 1811 1668 1865 vasti
1715 1815 1771 1865 et
1822 1811 2102 1882 profundi
2149 1806 2367 1879 aequoris
2451 1862 2452 1871 χ

442 1900 676 1970 species
707 1904 824 1954 est.
857 1901 1227 1956 Nocturnum
1251 1903 1362 1955 iter
1389 1902 1698 1965 ‚tolerabile
1730 1901 2061 1971 videbatur,
2105 1901 2234 1972 quia
2261 1908 2366 1950 rore

442 1995 497 2046 et
528 1992 810 2045 matutino
842 1990 1069 2061 frigore
1118 2008 1365 2062 corpora
1404 1992 1773 2046 levabantur.
1806 1990 2082 2045 Ceterum
2113 2006 2240 2044 cum
2266 1989 2366 2056 ipsa
2451 2025 2452 2038 ,

440 2081 569 2135 luce
618 2086 802 2133 aestus
842 2074 1057 2144 oritur,
1115 2097 1466 2150 omnemque
1511 2082 1841 2134 naturalem
1882 2080 2163 2134 absorbet
2199 2079 2368 2132 humo-
2451 2087 2452 2108 ¹

440 2169 598 2224 rcm⁰
649 2170 918 2223 siccitas:
978 2170 1111 2222 ora⁷
1170 2171 1513 2242 visceraque
1571 2172 1805 2238 penitus
1864 2172 2146 2225 uruntur.
2199 2166 2362 2234 Itaque
2451 2185 2452 2190 ¹

441 2262 695 2329 primum
728 2260 931 2327 animi,
963 2259 1174 2313 dein‘le
1205 2275 1458 2330 corpora
1487 2258 1738 2313 delicere
1768 2266 2092 2328 coeperunt.
2128 2248 2366 2325 Pigebat·

439 2354 491 2402 et
523 2349 853 2403 consistere
883 2352 940 2402 et
985 2349 1290 2418 progredi.
1347 2348 1548 2415 Pauci,
1589 2364 1622 2400 a
1650 2348 1858 2417 peritis
1889 2348 2160 2418 regionis
2198 2345 2363 2398 admo-
2449 2359 2450 2412 ᾗ

441 2439 569 2507 niti,
601 2442 1078 2508 praeparaverant
1108 2453 1348 2507 aquam.
1380 2437 1522 2491 Haec
1551 2437 1854 2507 paulisper
1884 2437 2173 2507 repressit
2199 2433 2363 2488 sitim:
2449 2473 2450 2478 ,

441 2526 668 2597 deinde,
700 2531 1003 2582 crescente
1035 2533 1207 2595 aestu,
1251 2542 1466 2581 rursus
1497 2525 1854 2581 desiderium
1893 2525 2163 2580 humoris
2192 2533 2366 2578 accen-

492 2708 545 2750 V.
578 2726 634 2736 —
652 2707 693 2747 1.
721 2704 941 2755 Sarcinas,
963 2703 1163 2758 bagages
1194 2707 1487 2758 proprement
1510 2702 1621 2746 dits.

491 2771 533 2811 Ξ.
563 2767 890 2821 Ινηρειίἱηιειιια,
918 2766 1136 2819 malade8‚
1157 2766 1288 2808 betas
1315 2765 1371 2809 de
1402 2776 1597 2811 somme.

491 2834 533 2874 3.
563 2828 891 2883 δοραίαιιονιιηι,
925 2828 992 2872 les
1021 2829 1255 2872 habitante
1284 2828 1341 2871 de
1372 2829 1414 2871 la
1444 2829 1686 2880 Sogdiana.
1717 2849 1770 2859 ·-
1804 2829 1867 2872 La
1902 2827 2130 2881 Sogdiano
2158 2818 2359 2870 s'etendait

440 2897 573 2935 entre
593 2892 748 2935 l'oxus
777 2898 825 2935 ct
852 2892 1082 2942 l'laxarte,
1118 2891 1342 2934 touchant
1380 2889 1405 2932 a
1441 2891 1544 2932 l'es't
1573 2900 1632 2933 au
1675 2900 1791 2944 pays
1821 2890 1877 2932 de
1906 2890 2049 2938 Sacae.
2081 2888 2109 2931 a
2150 2888 2295 2931 l'ouest
2316 2890 2359 2922 au

440 2965 551 3009 pays
581 2953 662 2996 des
682 2954 817 2996 Dahae
838 2959 884 2995 et
913 2953 996 2996 des
1026 2952 1330 3007 Massagetes.
1363 2952 1460 2994 Elle
1481 2951 1764 3006 correspond
1793 2951 1820 2993 a
1841 2962 1932 3005 peu
1961 2952 2018 2994 de
2047 2952 2183 2995 chose
2210 2947 2300 3002 pres
2314 2951 2357 2984 ⁸¹1

438 3028 552 3071 pays
573 3017 633 3059 de
657 3016 812 3059 Kokan
834 3021 880 3059 et
911 3027 970 3059 au
999 3017 1183 3058 Rhanat'
1218 3015 1277 3058 de
1307 3014 1525 3057 Bokhara.
1557 3017 1615 3056 Le
1655 3017 1812 3056 centre
1854 3013 1913 3056 de
1955 3019 2075 3058 cette
2120 3012 2265 3066 region
2302 3008 2356 3048 03²

438 3078 598 3122 arrose
622 3090 702 3132 par
732 3079 773 3120 le
805 3079 1102 3131 Polytimetos
1128 3075 1441 3132 (aujourd'hui
1465 3076 1754 3133 Zararchan),
1776 3077 1884 3119 dont
1915 3076 1962 3119 la
1987 3076 2132 3119 vallee
2174 3079 2239 3116 est
2276 3065 2351 3136 ἰιιό·9

438 3137 672 3194 galement
711 3139 890 3190 fertile,
933 3145 978 3183 et
1008 3151 1087 3184 sur
1117 3141 1275 3195 lequel
1311 3139 1421 3182 etait
1456 3140 1501 3181 la
1545 3138 1741 3194 capitale
1771 3136 2045 3182 Marakanda
2074 3131 2351 3192 (aujourd’tuu

439 3202 762 3254 Samarkand).

490 3270 538 3311 4.
573 3265 707 3318 Ante,
735 3267 820 3312 vu.
852 3275 911 3314 tv,
934 3264 1008 3308 27.

489 3331 535 3371 5.
570 3327 792 3380 Aquarum
816 3328 1003 3381 penuria
1031 3326 1159 3370 eitim
1187 3326 1394 3371 accendit
1417 3328 1536 3369 n'est
1565 3338 1647 3380 pas
1667 3336 1758 3369 une
1781 3325 1986 3369 locutiou
2007 3326 2240 3378 classique.

490 3390 535 3435 6.
570 3389 816 3440 Humorem,
868 3393 993 3432 toute
1038 3389 1206 3443 espece
1254 3389 1543 3444 d’humidite,
1570 3389 1689 3432 celle
1731 3388 1789 3431 de
1835 3389 1877 3431 la
1916 3393 2042 3433 terre
2084 3393 2128 3431 et
2167 3384 2268 3428 celle
2295 3377 2344 3421 du

439 3464 594 3506 corps.

493 3516 538 3560 7.
576 3512 680 3564 Ora,
712 3512 785 3554 les
815 3510 1043 3553 bouches.

493 3581 542 3619 8.
574 3573 773 3627 praebat,
802 3569 967 3624 ellipse
997 3572 1054 3615 de
1073 3582 1164 3617 eos.
