2517 3975
599 258 991 302 msa-omniun
1025 259 1358 305 Amxmnm
1395 263 1497 314 vn,
1539 262 1604 300 11.
1975 247 2077 302 217

147 361 434 424 abscondi.
470 366 815 440 Praecepisti
833 369 876 397 ⁴⁴
911 371 1087 443 igitur
1138 371 1286 426 mihi
1332 387 1406 426 ne
1451 385 1625 440 quem
1652 371 1867 441 praeter
1894 370 1951 425 te
1982 371 2080 424 in-
2136 375 2207 430 38

143 453 341 523 tuerer,
375 457 481 512 sed
520 457 911 516 detrectantes
957 462 1225 531 militiam
1269 461 1653 533 perducerem
1697 460 1767 515 ad
1797 464 1880 516 te.
1916 458 2083 525 Quod

146 544 396 613 equidem
428 547 556 614 feci,
590 552 645 604 et
675 550 946 632 liberiuS,
976 568 1151 621 quam
1181 551 1530 621 expediebat
1559 551 1726 619 mihi,
1765 554 2082 607 exsecutus

143 646 257 685 sum
285 638 448 690 tuum
499 638 832 707 imperium.
864 640 1146 712 Gorgiam
1190 644 1246 694 et
1289 641 1628 695 Hecataeum
1665 643 1720 694 et
1758 639 2080 711 Gorgatan,

145 735 376 790 quorum
403 725 560 779 bona
581 742 758 797 opera
778 730 985 796 uteris,
1007 729 1144 783 inde
1161 729 1429 801 perduxi.
1448 728 1597 794 Quid
1619 729 1799 801 igitur
1815 728 2084 798 iniquius
2140 731 2210 789 39

145 813 220 864 est
244 828 415 882 quam
446 829 560 885 me,
590 817 708 885 qui,
743 817 798 870 si
839 818 948 872 tibi
976 835 1095 871 non
1123 821 1477 889 paruissem,
1501 817 1636 888 jure
1675 818 1918 873 daturus
1943 816 2087 870 fui⁴⁸

142 916 353 970 poenas,
386 920 541 957 nunc
586 907 806 975 perire,
841 908 980 977 quia
1010 908 1227 978 parui?
1256 906 1461 977 Neque
1491 907 1648 961 enim
1676 907 1796 960 ulla
1824 905 1936 959 alia
1965 922 2087 960 ma-

144 989 204 1042 tri
236 993 350 1047 tuae
407 996 802 1065 persequendi
843 1012 955 1049 nos
1004 1012 1181 1051 causa
1212 999 1322 1063 est,
1358 1011 1528 1064 quam
1576 996 1724 1065 quod
1779 996 2089 1051 utilitatem

142 1080 277 1134 tuam
318 1083 597 1136 muliebri
625 1085 1063 1155 praeposuimus
1111 1085 1341 1157 gratiae.
1373 1102 1433 1139 v1
1476 1085 1658 1139 millia
1701 1085 2089 1140 Macedonum

140 1169 384 1237 peditum
413 1174 471 1225 et
498 1188 571 1226 nc
606 1175 836 1245 equites
866 1173 1080 1228 adduxi
1101 1174 1162 1242 ⁴⁶,
1194 1188 1448 1245 quorum
1496 1190 1637 1244 pars
1685 1176 1959 1228 secutura
1996 1188 2089 1229 me

139 1273 240 1312 non
270 1264 398 1314 erat
416 1261 476 1328 ⁴⁷,
509 1262 563 1315 si
592 1263 858 1319 militiam
895 1263 1363 1317 detrectantibus
1393 1262 1709 1333 indulgere
1737 1263 2086 1317 voluissem.

45 1397 48 1400 ,
139 1344 405 1418 Sequitur
452 1364 599 1422 ergo
627 1354 709 1419 ut,
741 1354 877 1423 quia
915 1352 1018 1405 illa
1072 1355 1317 1421 propter
1344 1350 1494 1404 hanc
1531 1366 1770 1405 causam
1812 1350 2093 1405 irascitur

45 1459 48 1490 ;
139 1437 313 1504 nobie,
344 1441 412 1493 tu
440 1441 676 1512 mitiges
703 1443 970 1505 matrem,
1002 1440 1104 1511 qui
1140 1441 1248 1494 irae
1279 1437 1413 1510 ejus
1444 1455 1555 1515 noos
1585 1439 1868 1496 obtulisti.
1895 1462 1918 1488 η

939 1700 1190 1769 CAPUT
1239 1715 1292 1770 ΙΙ

137 1870 202 1919 Le
233 1872 310 1921 roi
336 1870 436 1920 fait
467 1872 624 1936 grace
655 1871 684 1920 a
712 1873 982 1935 Amyntas,
1013 1873 1044 1923 a
1077 1873 1325 1924 Simmiae
1360 1878 1411 1924 et
1446 1876 1475 1924 a
1507 1875 1621 1923 leur
1649 1876 1781 1924 frere
1816 1875 2081 1924 Polemon.

713 1978 776 1990 —-
807 1953 1037 2003 Meurtre
1072 1955 1135 2003 de
1168 1955 1501 2005 Parmenion.

903 2091 1162 2147 (Automne‚
1185 2091 1310 2145 330.)

197 2259 349 2314 Dum
379 2259 509 2313 haec
539 2258 820 2329 Amyntas
849 2261 989 2332 agit,
1018 2259 1172 2316 forte
1202 2262 1676 2330 supervenerunt
1715 2261 1814 2332 qui
1851 2260 2092 2315 fratrem

137 2346 259 2417 ejus
290 2348 691 2415 Polemonem,
723 2348 794 2402 de
835 2364 948 2418 quo
977 2350 1142 2403 ante¹
1169 2349 1518 2417 estdictum‚
1543 2348 1867 2420 fugientem
1885 2364 2093 2404 consc-

136 2437 268 2505 cuti,
309 2438 533 2491 victum
562 2437 933 2493 reducebant.
976 2437 1199 2493 Infesta
1243 2439 1441 2493 contio
1472 2438 1576 2492 vix
1615 2438 1870 2492 inhiberi
1897 2440 2092 2509 ,potuit

135 2527 267 2594 quin
292 2527 570 2596 protinus
599 2543 707 2581 suo
738 2543 901 2583 more
931 2543 1074 2581 saxa
1104 2529 1165 2582 in
1195 2544 1329 2584 eum
1351 2526 1595 2598 jaceret.
1620 2529 1805 2599 Atque
1827 2529 1927 2583 ille
1948 2545 2092 2583 sane

132 2614 440 2670 interritus
463 2634 475 2669 :
500 2637 522 2664 ιι
548 2616 731 2684 Nihil,
756 2616 965 2687 inquit,
986 2632 1094 2686 pro
1115 2633 1208 2672 me
1230 2617 1534 2687 deprecor,
1558 2617 1729 2672 modo
1756 2633 1827 2672 ne
1847 2616 2091 2672 fratrum

132 2702 525 2760 innocentiae¹
554 2704 695 2774 fuga
725 2706 1080 2774 imputetur³
1110 2721 1258 2759 mea.
1297 2706 1432 2760 Haec
1471 2707 1524 2759 si
1561 2704 1797 2762 defendi
1835 2723 1955 2761 non
1988 2723 2093 2778 po-

132 2795 264 2861 test,
298 2810 493 2849 meum
526 2795 747 2849 crimen
779 2795 876 2847 sit.
900 2794 1130 2849 Horum
1151 2795 1226 2849 ob
1256 2795 1316 2849 id
1335 2796 1531 2865 ipsum
1549 2795 1761 2850 melior
1779 2799 1870 2850 est
1889 2813 2088 2865 causa,

182 2966 256 3013 44.
294 2967 552 3024 Praecepisti
578 2979 708 3014 ne...
738 2968 939 3013 intuerer
965 2968 1115 3014 sed...
1141 2969 1440 3023 perducerem,
1466 2970 1801 3015 sous-entendu
1829 2974 1895 3027 ut,
1924 2971 2091 3017 devant

126 3031 427 3084 perducerem,
461 3035 641 3075 comme
665 3034 740 3086 111,
763 3043 806 3083 v,
832 3033 903 3076 14.

180 3091 257 3137 45.
295 3092 492 3137 Datur-ua
518 3094 602 3147 fui.
630 3096 716 3138 Sur
739 3105 794 3138 ce
823 3094 987 3147 parrait
1007 3095 1063 3138 de
1082 3093 1335 3149 vindicatis,
1366 3094 1432 3138 cf.
1457 3098 1528 3146 111,
1558 3107 1619 3147 iv,
1641 3100 1749 3141 note
1767 3096 1808 3141 6.

182 3155 258 3198 46.
296 3156 459 3207 Quinte
479 3157 627 3200 curce
651 3168 678 3198 a
701 3156 770 3200 dit
795 3157 860 3211 (V,
889 3168 922 3211 ι,
945 3156 1014 3211 40)
1044 3155 1337 3212 qu'Amyntas
1359 3158 1485 3202 avait
1503 3158 1667 3202 amene
1700 3160 1981 3205 Macedonum
2003 3172 2093 3217 pe-

131 3218 273 3261 ditum
298 3218 353 3261 VI
383 3219 549 3270 millia,
576 3220 614 3262 D
632 3220 824 3272 ejusdem
850 3219 1028 3274 veneris
1057 3220 1235 3275 equites.
1265 3222 1412 3270 —On
1442 3220 1537 3264 voit
1572 3232 1664 3277 que
1691 3222 1763 3266 les
1805 3224 1995 3268 chistres
2034 3237 2093 3267 ne

131 3281 413 3324 concordent
433 3292 537 3335 pas.

183 3344 262 3387 47.
300 3343 503 3388 secutura
524 3348 742 3387 nouerat.
773 3346 861 3388 Sur
881 3348 959 3389 cet
986 3345 1240 3401 imperfait
1265 3346 1327 3394 cf.
1347 3349 1419 3402 111,
1449 3349 1698 3405 1v‚n0te6

185 3409 247 3448 11
280 3428 329 3436 -
352 3411 396 3450 ι.
420 3408 549 3457 Ante,
569 3410 657 3460 vu,
688 3418 718 3461 ι,
744 3407 809 3451 ιο

185 3467 529 3512 2.1nnocenciae
555 3471 759 3524 fratrum,
802 3480 981 3513 comme
1007 3471 1225 3523 fitatribns
1263 3472 1582 3530 innocentibm,
1610 3473 1838 3531 l'adjectis
1866 3476 2093 3530 remplace

132 3540 218 3586 par
246 3541 313 3573 un
338 3541 443 3575 nom
470 3532 681 3576 abstrait.
715 3532 788 3577 Cf.
824 3536 894 3586 111,
926 3545 987 3589 iv,
1012 3540 1120 3578 note
1152 3536 1222 3583 13.

185 3596 235 3637 3.
273 3591 488 3647 Imputare
513 3594 654 3638 alicui
673 3605 704 3638 n
708 3594 792 3638 'est
820 3606 904 3650 pas
923 3598 1184 3653 classique.

1849 3693 1909 3744 13

2141 1086 2216 1142 40
