<?xml version="1.0" encoding="UTF-8"?>
<!DOCTYPE html PUBLIC "-//W3C//DTD XHTML 1.0 Transitional//EN"
    "http://www.w3.org/TR/xhtml1/DTD/xhtml1-transitional.dtd">
<html xmlns="http://www.w3.org/1999/xhtml" xml:lang="en" lang="en">
 <head>
  <title>
</title>
<meta http-equiv="Content-Type" content="text/html;charset=utf-8" />
  <meta name='ocr-system' content='tesseract 3.04.00' />
  <meta name='ocr-capabilities' content='ocr_page ocr_carea ocr_par ocr_line ocrx_word'/>
</head>
<body>
  <div class='ocr_page' id='page_1' title='image "./qcurtirufihisto00brelgoog_0349.png"; bbox 0 0 2517 3975; ppageno 0'>
   <div class='ocr_carea' id='block_1_1' title="bbox 622 230 2150 294">
    <p class='ocr_par' dir='ltr' id='par_1_1' title="bbox 622 230 2150 294">
     <span class='ocr_line' id='line_1_1' title="bbox 622 230 2150 294; baseline 0.001 -10"><span class='ocrx_word' id='word_1_1' title='bbox 622 245 1015 286; x_wconf 73' lang='lat' dir='ltr'><strong>ms‘romAnuu</strong></span> <span class='ocrx_word' id='word_1_2' title='bbox 1054 245 1382 283; x_wconf 58' lang='lat' dir='ltr'><strong>maxe-unm</strong></span> <span class='ocrx_word' id='word_1_3' title='bbox 1422 245 1544 294; x_wconf 85' lang='lat' dir='ltr'><strong>vm,</strong></span> <span class='ocrx_word' id='word_1_4' title='bbox 1584 247 1706 283; x_wconf 76' lang='lat' dir='ltr'><strong>xw.</strong></span> <span class='ocrx_word' id='word_1_5' title='bbox 2045 230 2150 285; x_wconf 77' lang='lat'><strong>309</strong></span> 
     </span>
    </p>
   </div>
   <div class='ocr_carea' id='block_1_2' title="bbox 182 353 2294 3001">
    <p class='ocr_par' dir='ltr' id='par_1_2' title="bbox 182 353 2277 1224">
     <span class='ocr_line' id='line_1_2' title="bbox 184 353 2149 426; baseline -0.001 -17"><span class='ocrx_word' id='word_1_6' title='bbox 184 354 455 425; x_wconf 87' lang='lat' dir='ltr'><strong>speciem</strong></span> <span class='ocrx_word' id='word_1_7' title='bbox 478 354 766 409; x_wconf 84' lang='lat' dir='ltr'><strong>turrium⁹</strong></span> <span class='ocrx_word' id='word_1_8' title='bbox 791 353 1000 426; x_wconf 90' lang='lat' dir='ltr'><strong>procul</strong></span> <span class='ocrx_word' id='word_1_9' title='bbox 1029 353 1308 420; x_wconf 78' lang='lat' dir='ltr'><strong>fecerant,</strong></span> <span class='ocrx_word' id='word_1_10' title='bbox 1340 356 1471 423; x_wconf 88' lang='lat' dir='ltr'><strong>ipse</strong></span> <span class='ocrx_word' id='word_1_11' title='bbox 1499 354 1686 409; x_wconf 86' lang='lat' dir='ltr'><strong>Porus</strong></span> <span class='ocrx_word' id='word_1_12' title='bbox 1721 354 1991 409; x_wconf 76' lang='lat' dir='ltr'><strong>humanae</strong></span> <span class='ocrx_word' id='word_1_13' title='bbox 2027 370 2149 408; x_wconf 89' lang='lat' dir='ltr'><strong>ma·</strong></span> 
     </span>
     <span class='ocr_line' id='line_1_3' title="bbox 184 441 2148 515; baseline -0.002 -17"><span class='ocrx_word' id='word_1_14' title='bbox 184 444 521 515; x_wconf 82' lang='lat' dir='ltr'><strong>gnitudinis</strong></span> <span class='ocrx_word' id='word_1_15' title='bbox 545 442 968 513; x_wconf 80' lang='lat' dir='ltr'><strong>propemodum</strong></span> <span class='ocrx_word' id='word_1_16' title='bbox 1005 450 1343 496; x_wconf 77' lang='lat' dir='ltr'><strong>excesserat</strong></span> <span class='ocrx_word' id='word_1_17' title='bbox 1383 442 1652 498; x_wconf 89' lang='lat' dir='ltr'><strong>formam.</strong></span> <span class='ocrx_word' id='word_1_18' title='bbox 1685 441 2148 514; x_wconf 82' lang='lat' dir='ltr'><strong>Magnitudinem</strong></span> 
     </span>
     <span class='ocr_line' id='line_1_4' title="bbox 186 531 2149 604; baseline -0.003 -16"><span class='ocrx_word' id='word_1_19' title='bbox 186 533 431 603; x_wconf 83' lang='lat' dir='ltr'>corpori</span> <span class='ocrx_word' id='word_1_20' title='bbox 476 531 728 604; x_wconf 81' lang='lat' dir='ltr'><strong>adjicere</strong></span> <span class='ocrx_word' id='word_1_21' title='bbox 774 531 1081 586; x_wconf 85' lang='lat' dir='ltr'><strong>videbatur</strong></span> <span class='ocrx_word' id='word_1_22' title='bbox 1125 531 1325 597; x_wconf 86' lang='lat' dir='ltr'><strong>belua,</strong></span> <span class='ocrx_word' id='word_1_23' title='bbox 1372 547 1484 601; x_wconf 89' lang='lat' dir='ltr'><strong>qua</strong></span> <span class='ocrx_word' id='word_1_24' title='bbox 1532 531 1876 598; x_wconf 85' lang='lat' dir='ltr'><strong>vehebatur,</strong></span> <span class='ocrx_word' id='word_1_25' title='bbox 1922 534 2149 585; x_wconf 89' lang='lat' dir='ltr'><strong>tantum</strong></span> 
     </span>
     <span class='ocr_line' id='line_1_5' title="bbox 182 618 2273 691; baseline -0.001 -16"><span class='ocrx_word' id='word_1_26' title='bbox 182 621 342 675; x_wconf 84' lang='lat' dir='ltr'><strong>inter</strong></span> <span class='ocrx_word' id='word_1_27' title='bbox 377 628 606 675; x_wconf 85' lang='lat' dir='ltr'><strong>ceteras</strong></span> <span class='ocrx_word' id='word_1_28' title='bbox 643 620 932 688; x_wconf 76' lang='lat' dir='ltr'><strong>eminenS,</strong></span> <span class='ocrx_word' id='word_1_29' title='bbox 964 624 1183 691; x_wconf 86' lang='lat' dir='ltr'><strong>quanto</strong></span> <span class='ocrx_word' id='word_1_30' title='bbox 1225 619 1358 673; x_wconf 89' lang='lat' dir='ltr'><strong>aliis</strong></span> <span class='ocrx_word' id='word_1_31' title='bbox 1395 620 1523 689; x_wconf 88' lang='lat' dir='ltr'><strong>ipse</strong></span> <span class='ocrx_word' id='word_1_32' title='bbox 1562 620 1901 689; x_wconf 84' lang='lat' dir='ltr'><strong>praestabat.</strong></span> <span class='ocrx_word' id='word_1_33' title='bbox 1949 621 2150 688; x_wconf 87' lang='lat' dir='ltr'><strong>Itaque</strong></span> <span class='ocrx_word' id='word_1_34' title='bbox 2203 618 2273 673; x_wconf 83' lang='lat'><strong>14</strong></span> 
     </span>
     <span class='ocr_line' id='line_1_6' title="bbox 185 707 2151 779; baseline 0 -16"><span class='ocrx_word' id='word_1_35' title='bbox 185 709 524 765; x_wconf 85' lang='lat' dir='ltr'><strong>Alexander</strong></span> <span class='ocrx_word' id='word_1_36' title='bbox 543 709 972 778; x_wconf 81' lang='lat' dir='ltr'><strong>contemplatus</strong></span> <span class='ocrx_word' id='word_1_37' title='bbox 991 716 1047 763; x_wconf 84' lang='lat' dir='ltr'><strong>et</strong></span> <span class='ocrx_word' id='word_1_38' title='bbox 1066 723 1272 779; x_wconf 88' lang='lat' dir='ltr'><strong>regem</strong></span> <span class='ocrx_word' id='word_1_39' title='bbox 1287 712 1343 761; x_wconf 91' lang='lat' dir='ltr'><strong>et</strong></span> <span class='ocrx_word' id='word_1_40' title='bbox 1362 723 1574 779; x_wconf 83' lang='lat' dir='ltr'><strong>agmen</strong></span> <span class='ocrx_word' id='word_1_41' title='bbox 1594 707 1897 763; x_wconf 84' lang='lat' dir='ltr'><strong>Indorum:</strong></span> <span class='ocrx_word' id='word_1_42' title='bbox 1937 731 1959 756; x_wconf 78' lang='grc' dir='ltr'>α</span> <span class='ocrx_word' id='word_1_43' title='bbox 1993 709 2151 763; x_wconf 88' lang='lat' dir='ltr'><strong>Tan-</strong></span> 
     </span>
     <span class='ocr_line' id='line_1_7' title="bbox 185 795 2152 867; baseline -0.002 -13"><span class='ocrx_word' id='word_1_44' title='bbox 185 798 346 864; x_wconf 87' lang='lat' dir='ltr'><strong>dem,</strong></span> <span class='ocrx_word' id='word_1_45' title='bbox 376 795 582 867; x_wconf 89' lang='lat' dir='ltr'><strong>inquit,</strong></span> <span class='ocrx_word' id='word_1_46' title='bbox 619 814 724 867; x_wconf 87' lang='lat' dir='ltr'><strong>par</strong></span> <span class='ocrx_word' id='word_1_47' title='bbox 765 799 958 852; x_wconf 91' lang='lat' dir='ltr'><strong>animo</strong></span> <span class='ocrx_word' id='word_1_48' title='bbox 1001 812 1133 851; x_wconf 90' lang='lat' dir='ltr'><strong>meo</strong></span> <span class='ocrx_word' id='word_1_49' title='bbox 1174 795 1505 866; x_wconf 86' lang='lat' dir='ltr'><strong>periculum</strong></span> <span class='ocrx_word' id='word_1_50' title='bbox 1535 796 1730 851; x_wconf 88' lang='lat' dir='ltr'><strong>video.</strong></span> <span class='ocrx_word' id='word_1_51' title='bbox 1760 796 1905 851; x_wconf 90' lang='lat' dir='ltr'><strong>Cum</strong></span> <span class='ocrx_word' id='word_1_52' title='bbox 1941 797 2152 852; x_wconf 86' lang='lat' dir='ltr'><strong>bestiis</strong></span> 
     </span>
     <span class='ocr_line' id='line_1_8' title="bbox 187 884 2277 958; baseline -0.002 -14"><span class='ocrx_word' id='word_1_53' title='bbox 187 886 371 944; x_wconf 85' lang='lat' dir='ltr'><strong>simul</strong></span> <span class='ocrx_word' id='word_1_54' title='bbox 411 889 468 941; x_wconf 83' lang='lat' dir='ltr'><strong>et</strong></span> <span class='ocrx_word' id='word_1_55' title='bbox 496 903 627 941; x_wconf 90' lang='lat' dir='ltr'><strong>cum</strong></span> <span class='ocrx_word' id='word_1_56' title='bbox 658 887 920 958; x_wconf 79' lang='lat' dir='ltr'><strong>egregiis</strong></span> <span class='ocrx_word' id='word_1_57' title='bbox 949 885 1099 940; x_wconf 86' lang='lat' dir='ltr'><strong>viris</strong></span> <span class='ocrx_word' id='word_1_58' title='bbox 1134 901 1235 940; x_wconf 90' lang='lat' dir='ltr'><strong>res</strong></span> <span class='ocrx_word' id='word_1_59' title='bbox 1265 888 1379 941; x_wconf 82' lang='lat' dir='ltr'><strong>est.</strong></span> <span class='ocrx_word' id='word_1_60' title='bbox 1419 906 1444 936; x_wconf 69' lang='grc' dir='ltr'><strong><em>ι</em></strong></span> <span class='ocrx_word' id='word_1_61' title='bbox 1487 885 1844 957; x_wconf 86' lang='lat' dir='ltr'><strong>Intuensque</strong></span> <span class='ocrx_word' id='word_1_62' title='bbox 1877 884 2104 941; x_wconf 89' lang='lat' dir='ltr'><strong>Coenon</strong></span> <span class='ocrx_word' id='word_1_63' title='bbox 2134 904 2148 940; x_wconf 73' lang='grc' dir='ltr'>ε</span> <span class='ocrx_word' id='word_1_64' title='bbox 2206 884 2277 940; x_wconf 84' lang='grc'><strong>15</strong></span> 
     </span>
     <span class='ocr_line' id='line_1_9' title="bbox 192 974 2152 1046; baseline -0.001 -15"><span class='ocrx_word' id='word_1_65' title='bbox 192 999 216 1024; x_wconf 76' lang='lat' dir='ltr'>u</span> <span class='ocrx_word' id='word_1_66' title='bbox 252 974 403 1031; x_wconf 90' lang='lat' dir='ltr'><strong>Cum</strong></span> <span class='ocrx_word' id='word_1_67' title='bbox 431 990 567 1045; x_wconf 81' lang='lat' dir='ltr'><strong>ege,</strong></span> <span class='ocrx_word' id='word_1_68' title='bbox 599 976 809 1046; x_wconf 88' lang='lat' dir='ltr'><strong>inquit,</strong></span> <span class='ocrx_word' id='word_1_69' title='bbox 839 974 1153 1030; x_wconf 83' lang='lat' dir='ltr'><strong>Ptolemaeo</strong></span> <span class='ocrx_word' id='word_1_70' title='bbox 1189 975 1585 1045; x_wconf 85' lang='lat' dir='ltr'><strong>Perdiccaque</strong></span> <span class='ocrx_word' id='word_1_71' title='bbox 1630 977 1688 1029; x_wconf 88' lang='lat' dir='ltr'><strong>et</strong></span> <span class='ocrx_word' id='word_1_72' title='bbox 1732 975 2152 1045; x_wconf 83' lang='lat' dir='ltr'><strong>Hephaestione</strong></span> 
     </span>
     <span class='ocr_line' id='line_1_10' title="bbox 188 1063 2153 1133; baseline -0.001 -13"><span class='ocrx_word' id='word_1_73' title='bbox 188 1064 521 1133; x_wconf 87' lang='lat' dir='ltr'><strong>comitatus,</strong></span> <span class='ocrx_word' id='word_1_74' title='bbox 554 1064 617 1117; x_wconf 90' lang='lat' dir='ltr'><strong>in</strong></span> <span class='ocrx_word' id='word_1_75' title='bbox 644 1064 858 1118; x_wconf 84' lang='lat' dir='ltr'><strong>laevum</strong></span> <span class='ocrx_word' id='word_1_76' title='bbox 889 1063 1153 1118; x_wconf 83' lang='lat' dir='ltr'><strong>hostium</strong></span> <span class='ocrx_word' id='word_1_77' title='bbox 1182 1079 1372 1117; x_wconf 93' lang='lat' dir='ltr'><strong>cornu</strong></span> <span class='ocrx_word' id='word_1_78' title='bbox 1416 1063 1700 1133; x_wconf 90' lang='lat' dir='ltr'><strong>impetum</strong></span> <span class='ocrx_word' id='word_1_79' title='bbox 1735 1063 1953 1133; x_wconf 79' lang='lat' dir='ltr'><strong>fecem,</strong></span> <span class='ocrx_word' id='word_1_80' title='bbox 1986 1064 2153 1119; x_wconf 87' lang='lat' dir='ltr'><strong>vide-</strong></span> 
     </span>
     <span class='ocr_line' id='line_1_11' title="bbox 185 1137 2154 1224; baseline -0.001 -17"><span class='ocrx_word' id='word_1_81' title='bbox 185 1154 397 1224; x_wconf 87' lang='lat' dir='ltr'><strong>risque</strong></span> <span class='ocrx_word' id='word_1_82' title='bbox 426 1137 520 1207; x_wconf 82' lang='lat' dir='ltr'><strong>me</strong></span> <span class='ocrx_word' id='word_1_83' title='bbox 549 1154 612 1207; x_wconf 94' lang='lat' dir='ltr'><strong>in</strong></span> <span class='ocrx_word' id='word_1_84' title='bbox 640 1152 833 1207; x_wconf 85' lang='lat' dir='ltr'><strong>medio</strong></span> <span class='ocrx_word' id='word_1_85' title='bbox 864 1151 1077 1207; x_wconf 85' lang='lat' dir='ltr'><strong>ardore</strong></span> <span class='ocrx_word' id='word_1_86' title='bbox 1106 1153 1464 1217; x_wconf 86' lang='lat' dir='ltr'><strong>certaminis,</strong></span> <span class='ocrx_word' id='word_1_87' title='bbox 1496 1152 1625 1221; x_wconf 86' lang='lat' dir='ltr'><strong>ipse</strong></span> <span class='ocrx_word' id='word_1_88' title='bbox 1672 1152 1944 1207; x_wconf 84' lang='lat' dir='ltr'><strong>dextrum</strong></span> <span class='ocrx_word' id='word_1_89' title='bbox 1980 1169 2154 1208; x_wconf 90' lang='lat' dir='ltr'><strong>move</strong></span> 
     </span>
    </p>

    <p class='ocr_par' dir='ltr' id='par_1_3' title="bbox 188 1239 2282 1845">
     <span class='ocr_line' id='line_1_12' title="bbox 188 1239 2155 1312; baseline -0.001 -15"><span class='ocrx_word' id='word_1_90' title='bbox 188 1245 250 1297; x_wconf 87' lang='lat' dir='ltr'><strong>et</strong></span> <span class='ocrx_word' id='word_1_91' title='bbox 282 1241 541 1296; x_wconf 85' lang='lat' dir='ltr'><strong>turbatis</strong></span> <span class='ocrx_word' id='word_1_92' title='bbox 587 1242 764 1311; x_wconf 84' lang='lat' dir='ltr'><strong>signa</strong></span> <span class='ocrx_word' id='word_1_93' title='bbox 809 1239 979 1295; x_wconf 85' lang='lat' dir='ltr'><strong>infer.</strong></span> <span class='ocrx_word' id='word_1_94' title='bbox 1020 1240 1128 1308; x_wconf 91' lang='lat' dir='ltr'><strong>Tu,</strong></span> <span class='ocrx_word' id='word_1_95' title='bbox 1170 1239 1491 1312; x_wconf 86' lang='lat' dir='ltr'><strong>Antigene,</strong></span> <span class='ocrx_word' id='word_1_96' title='bbox 1539 1245 1596 1295; x_wconf 90' lang='lat' dir='ltr'><strong>et</strong></span> <span class='ocrx_word' id='word_1_97' title='bbox 1627 1246 1705 1307; x_wconf 88' lang='lat' dir='ltr'><strong>tu,</strong></span> <span class='ocrx_word' id='word_1_98' title='bbox 1740 1241 2061 1307; x_wconf 79' lang='lat' dir='ltr'><strong>Leonnato,</strong></span> <span class='ocrx_word' id='word_1_99' title='bbox 2099 1246 2155 1296; x_wconf 90' lang='lat' dir='ltr'><strong>et</strong></span> 
     </span>
     <span class='ocr_line' id='line_1_13' title="bbox 190 1328 2153 1399; baseline 0 -14"><span class='ocrx_word' id='word_1_100' title='bbox 190 1331 452 1399; x_wconf 86' lang='lat' dir='ltr'><strong>Tauron,</strong></span> <span class='ocrx_word' id='word_1_101' title='bbox 478 1330 839 1384; x_wconf 82' lang='lat' dir='ltr'><strong>invehemini</strong></span> <span class='ocrx_word' id='word_1_102' title='bbox 866 1331 929 1385; x_wconf 88' lang='lat' dir='ltr'><strong>in</strong></span> <span class='ocrx_word' id='word_1_103' title='bbox 957 1328 1206 1384; x_wconf 90' lang='lat' dir='ltr'><strong>mediam</strong></span> <span class='ocrx_word' id='word_1_104' title='bbox 1235 1328 1442 1395; x_wconf 86' lang='lat' dir='ltr'><strong>aciem,</strong></span> <span class='ocrx_word' id='word_1_105' title='bbox 1468 1331 1526 1383; x_wconf 87' lang='lat' dir='ltr'><strong>et</strong></span> <span class='ocrx_word' id='word_1_106' title='bbox 1555 1328 1850 1398; x_wconf 88' lang='lat' dir='ltr'><strong>urgebitis</strong></span> <span class='ocrx_word' id='word_1_107' title='bbox 1874 1332 2153 1385; x_wconf 83' lang='lat' dir='ltr'><strong>frontem.</strong></span> 
     </span>
     <span class='ocr_line' id='line_1_14' title="bbox 191 1415 2282 1491; baseline -0.001 -17"><span class='ocrx_word' id='word_1_108' title='bbox 191 1419 401 1474; x_wconf 85' lang='lat' dir='ltr'><strong>Hastae</strong></span> <span class='ocrx_word' id='word_1_109' title='bbox 420 1419 441 1439; x_wconf 82' lang='lat'><strong>*</strong></span> <span class='ocrx_word' id='word_1_110' title='bbox 469 1421 691 1474; x_wconf 83' lang='lat' dir='ltr'><strong>nostrae</strong></span> <span class='ocrx_word' id='word_1_111' title='bbox 738 1418 1062 1488; x_wconf 78' lang='lat' dir='ltr'><strong>praelongae</strong></span> <span class='ocrx_word' id='word_1_112' title='bbox 1093 1420 1150 1472; x_wconf 88' lang='lat' dir='ltr'><strong>et</strong></span> <span class='ocrx_word' id='word_1_113' title='bbox 1176 1415 1385 1471; x_wconf 83' lang='lat' dir='ltr'><strong>validae</strong></span> <span class='ocrx_word' id='word_1_114' title='bbox 1434 1433 1553 1472; x_wconf 88' lang='lat' dir='ltr'><strong>non</strong></span> <span class='ocrx_word' id='word_1_115' title='bbox 1581 1418 1727 1471; x_wconf 87' lang='lat' dir='ltr'><strong>alias</strong></span> <span class='ocrx_word' id='word_1_116' title='bbox 1765 1420 1955 1491; x_wconf 87' lang='lat' dir='ltr'><strong>magis</strong></span> <span class='ocrx_word' id='word_1_117' title='bbox 1981 1436 2157 1491; x_wconf 87' lang='lat' dir='ltr'><strong>quam</strong></span> <span class='ocrx_word' id='word_1_118' title='bbox 2210 1416 2282 1473; x_wconf 81' lang='lat'><strong>16</strong></span> 
     </span>
     <span class='ocr_line' id='line_1_15' title="bbox 190 1506 2156 1577; baseline 0 -14"><span class='ocrx_word' id='word_1_119' title='bbox 190 1509 489 1563; x_wconf 87' lang='lat' dir='ltr'><strong>adversus</strong></span> <span class='ocrx_word' id='word_1_120' title='bbox 516 1507 723 1562; x_wconf 87' lang='lat' dir='ltr'><strong>beluas</strong></span> <span class='ocrx_word' id='word_1_121' title='bbox 750 1511 1131 1577; x_wconf 88' lang='lat' dir='ltr'><strong>rectoresque</strong></span> <span class='ocrx_word' id='word_1_122' title='bbox 1162 1522 1366 1560; x_wconf 90' lang='lat' dir='ltr'><strong>earum</strong></span> <span class='ocrx_word' id='word_1_123' title='bbox 1383 1506 1524 1560; x_wconf 90' lang='lat' dir='ltr'><strong>usui</strong></span> <span class='ocrx_word' id='word_1_124' title='bbox 1554 1521 1693 1560; x_wconf 89' lang='lat' dir='ltr'><strong>esse</strong></span> <span class='ocrx_word' id='word_1_125' title='bbox 1714 1511 2014 1576; x_wconf 84' lang='lat' dir='ltr'><strong>poterunt:</strong></span> <span class='ocrx_word' id='word_1_126' title='bbox 2050 1509 2156 1563; x_wconf 90' lang='lat' dir='ltr'><strong>de-</strong></span> 
     </span>
     <span class='ocr_line' id='line_1_16' title="bbox 188 1595 2158 1668; baseline 0.001 -17"><span class='ocrx_word' id='word_1_127' title='bbox 188 1598 427 1652; x_wconf 87' lang='lat' dir='ltr'><strong>turbate</strong></span> <span class='ocrx_word' id='word_1_128' title='bbox 464 1612 569 1652; x_wconf 90' lang='lat' dir='ltr'><strong>eos</strong></span> <span class='ocrx_word' id='word_1_129' title='bbox 608 1596 704 1667; x_wconf 91' lang='lat' dir='ltr'><strong>qui</strong></span> <span class='ocrx_word' id='word_1_130' title='bbox 727 1596 1042 1661; x_wconf 83' lang='lat' dir='ltr'><strong>vehuntur,</strong></span> <span class='ocrx_word' id='word_1_131' title='bbox 1072 1599 1128 1651; x_wconf 89' lang='lat' dir='ltr'><strong>et</strong></span> <span class='ocrx_word' id='word_1_132' title='bbox 1153 1597 1320 1665; x_wconf 89' lang='lat' dir='ltr'><strong>ipsas</strong></span> <span class='ocrx_word' id='word_1_133' title='bbox 1352 1595 1669 1652; x_wconf 74' lang='lat' dir='ltr'><strong>confodite,</strong></span> <span class='ocrx_word' id='word_1_134' title='bbox 1708 1596 1941 1666; x_wconf 87' lang='lat' dir='ltr'><strong>Anceps</strong></span> <span class='ocrx_word' id='word_1_135' title='bbox 1962 1596 2001 1624; x_wconf 88' lang='lat'><strong>¹⁰</strong></span> <span class='ocrx_word' id='word_1_136' title='bbox 2045 1613 2158 1668; x_wconf 89' lang='lat' dir='ltr'><strong>ge-</strong></span> 
     </span>
     <span class='ocr_line' id='line_1_17' title="bbox 191 1682 2159 1755; baseline 0 -15"><span class='ocrx_word' id='word_1_137' title='bbox 191 1703 314 1741; x_wconf 89' lang='lat' dir='ltr'><strong>nus</strong></span> <span class='ocrx_word' id='word_1_138' title='bbox 343 1687 547 1740; x_wconf 85' lang='lat' dir='ltr'><strong>auxilii</strong></span> <span class='ocrx_word' id='word_1_139' title='bbox 565 1687 602 1713; x_wconf 82' lang='lat'><strong>¹¹</strong></span> <span class='ocrx_word' id='word_1_140' title='bbox 643 1689 756 1755; x_wconf 89' lang='lat' dir='ltr'><strong>est,</strong></span> <span class='ocrx_word' id='word_1_141' title='bbox 790 1688 847 1740; x_wconf 86' lang='lat' dir='ltr'><strong>et</strong></span> <span class='ocrx_word' id='word_1_142' title='bbox 874 1686 936 1739; x_wconf 89' lang='lat' dir='ltr'><strong>in</strong></span> <span class='ocrx_word' id='word_1_143' title='bbox 983 1700 1129 1739; x_wconf 88' lang='lat' dir='ltr'><strong>suos</strong></span> <span class='ocrx_word' id='word_1_144' title='bbox 1179 1685 1378 1739; x_wconf 88' lang='lat' dir='ltr'><strong>acrius</strong></span> <span class='ocrx_word' id='word_1_145' title='bbox 1424 1682 1586 1741; x_wconf 79' lang='lat' dir='ltr'><strong>furit.</strong></span> <span class='ocrx_word' id='word_1_146' title='bbox 1635 1683 1702 1740; x_wconf 88' lang='lat' dir='ltr'><strong>In</strong></span> <span class='ocrx_word' id='word_1_147' title='bbox 1729 1683 1960 1740; x_wconf 88' lang='lat' dir='ltr'><strong>hostem</strong></span> <span class='ocrx_word' id='word_1_148' title='bbox 2000 1687 2159 1741; x_wconf 87' lang='lat' dir='ltr'><strong>enim</strong></span> 
     </span>
     <span class='ocr_line' id='line_1_18' title="bbox 192 1774 1297 1845; baseline -0.005 -16"><span class='ocrx_word' id='word_1_149' title='bbox 192 1774 469 1845; x_wconf 89' lang='lat' dir='ltr'><strong>imperi0,</strong></span> <span class='ocrx_word' id='word_1_150' title='bbox 500 1776 566 1829; x_wconf 90' lang='lat' dir='ltr'><strong>in</strong></span> <span class='ocrx_word' id='word_1_151' title='bbox 595 1790 738 1829; x_wconf 84' lang='lat' dir='ltr'><strong>suos</strong></span> <span class='ocrx_word' id='word_1_152' title='bbox 768 1789 992 1843; x_wconf 87' lang='lat' dir='ltr'><strong>pavore</strong></span> <span class='ocrx_word' id='word_1_153' title='bbox 1022 1774 1238 1843; x_wconf 81' lang='lat' dir='ltr'><strong>agitur.</strong></span> <span class='ocrx_word' id='word_1_154' title='bbox 1271 1792 1297 1823; x_wconf 90' lang='lat'>»</span> 
     </span>
    </p>

    <p class='ocr_par' dir='ltr' id='par_1_4' title="bbox 194 1860 2294 3001">
     <span class='ocr_line' id='line_1_19' title="bbox 267 1860 2282 1932; baseline 0 -16"><span class='ocrx_word' id='word_1_155' title='bbox 267 1862 414 1916; x_wconf 81' lang='lat' dir='ltr'><strong>Haec</strong></span> <span class='ocrx_word' id='word_1_156' title='bbox 442 1862 727 1928; x_wconf 89' lang='lat' dir='ltr'><strong>elocutus,</strong></span> <span class='ocrx_word' id='word_1_157' title='bbox 757 1862 1009 1916; x_wconf 89' lang='lat' dir='ltr'><strong>concitat</strong></span> <span class='ocrx_word' id='word_1_158' title='bbox 1037 1876 1255 1932; x_wconf 90' lang='lat' dir='ltr'><strong>equum</strong></span> <span class='ocrx_word' id='word_1_159' title='bbox 1285 1861 1541 1931; x_wconf 80' lang='lat' dir='ltr'><strong>primuS.</strong></span> <span class='ocrx_word' id='word_1_160' title='bbox 1575 1861 1843 1932; x_wconf 79' lang='lat' dir='ltr'><strong>Jamque,</strong></span> <span class='ocrx_word' id='word_1_161' title='bbox 1892 1866 1953 1915; x_wconf 93' lang='lat' dir='ltr'><strong>ut</strong></span> <span class='ocrx_word' id='word_1_162' title='bbox 1980 1862 2161 1916; x_wconf 90' lang='lat' dir='ltr'><strong>desti-</strong></span> <span class='ocrx_word' id='word_1_163' title='bbox 2213 1860 2282 1916; x_wconf 80' lang='lat'><strong>17</strong></span> 
     </span>
     <span class='ocr_line' id='line_1_20' title="bbox 194 1937 2219 2026; baseline -0.001 -19"><span class='ocrx_word' id='word_1_164' title='bbox 194 1955 394 2007; x_wconf 89' lang='lat' dir='ltr'><strong>natum</strong></span> <span class='ocrx_word' id='word_1_165' title='bbox 418 1953 569 2026; x_wconf 81' lang='lat' dir='ltr'><strong>erat,</strong></span> <span class='ocrx_word' id='word_1_166' title='bbox 599 1951 906 2006; x_wconf 83' lang='lat' dir='ltr'><strong>invaserat</strong></span> <span class='ocrx_word' id='word_1_167' title='bbox 934 1950 1175 2006; x_wconf 87' lang='lat' dir='ltr'><strong>ordines</strong></span> <span class='ocrx_word' id='word_1_168' title='bbox 1204 1949 1487 2018; x_wconf 87' lang='lat' dir='ltr'><strong>hostium,</strong></span> <span class='ocrx_word' id='word_1_169' title='bbox 1528 1965 1658 2004; x_wconf 85' lang='lat' dir='ltr'><strong>cum</strong></span> <span class='ocrx_word' id='word_1_170' title='bbox 1685 1948 1903 2006; x_wconf 90' lang='lat' dir='ltr'><strong>Coenus</strong></span> <span class='ocrx_word' id='word_1_171' title='bbox 1930 1950 2161 2022; x_wconf 85' lang='lat' dir='ltr'><strong>ingenti</strong></span> <span class='ocrx_word' id='word_1_172' title='bbox 2211 1937 2219 1946; x_wconf 37' lang='grc'><strong>“</strong></span> 
     </span>
     <span class='ocr_line' id='line_1_21' title="bbox 194 2038 2284 2111; baseline -0.001 -14"><span class='ocrx_word' id='word_1_173' title='bbox 194 2044 259 2097; x_wconf 81' lang='lat' dir='ltr'><strong>vi</strong></span> <span class='ocrx_word' id='word_1_174' title='bbox 302 2042 366 2095; x_wconf 91' lang='lat' dir='ltr'><strong>in</strong></span> <span class='ocrx_word' id='word_1_175' title='bbox 407 2041 625 2095; x_wconf 84' lang='lat' dir='ltr'><strong>laevum</strong></span> <span class='ocrx_word' id='word_1_176' title='bbox 641 2041 680 2068; x_wconf 78' lang='lat'><strong>¹²</strong></span> <span class='ocrx_word' id='word_1_177' title='bbox 714 2057 897 2095; x_wconf 91' lang='lat' dir='ltr'><strong>cornu</strong></span> <span class='ocrx_word' id='word_1_178' title='bbox 943 2039 1265 2094; x_wconf 86' lang='lat' dir='ltr'><strong>invehitur.</strong></span> <span class='ocrx_word' id='word_1_179' title='bbox 1308 2038 1567 2093; x_wconf 86' lang='lat' dir='ltr'><strong>Phalanx</strong></span> <span class='ocrx_word' id='word_1_180' title='bbox 1591 2040 1611 2061; x_wconf 82' lang='lat'><strong>*</strong></span> <span class='ocrx_word' id='word_1_181' title='bbox 1637 2054 1867 2111; x_wconf 90' lang='lat' dir='ltr'><strong>quoque</strong></span> <span class='ocrx_word' id='word_1_182' title='bbox 1907 2042 2160 2096; x_wconf 90' lang='lat' dir='ltr'><strong>mediam</strong></span> <span class='ocrx_word' id='word_1_183' title='bbox 2215 2038 2284 2095; x_wconf 81' lang='lat'><strong>18</strong></span> 
     </span>
     <span class='ocr_line' id='line_1_22' title="bbox 196 2127 2161 2200; baseline -0.002 -15"><span class='ocrx_word' id='word_1_184' title='bbox 196 2131 482 2185; x_wconf 87' lang='lat' dir='ltr'><strong>Indorum</strong></span> <span class='ocrx_word' id='word_1_185' title='bbox 516 2130 707 2184; x_wconf 87' lang='lat' dir='ltr'><strong>aciem</strong></span> <span class='ocrx_word' id='word_1_186' title='bbox 742 2143 862 2183; x_wconf 90' lang='lat' dir='ltr'><strong>uno</strong></span> <span class='ocrx_word' id='word_1_187' title='bbox 907 2128 1129 2198; x_wconf 86' lang='lat' dir='ltr'><strong>impetu</strong></span> <span class='ocrx_word' id='word_1_188' title='bbox 1165 2128 1460 2197; x_wconf 84' lang='lat' dir='ltr'><strong>perrupit.</strong></span> <span class='ocrx_word' id='word_1_189' title='bbox 1488 2127 1565 2180; x_wconf 90' lang='lat' dir='ltr'><strong>At</strong></span> <span class='ocrx_word' id='word_1_190' title='bbox 1598 2128 1813 2197; x_wconf 79' lang='lat' dir='ltr'><strong>PoruS,</strong></span> <span class='ocrx_word' id='word_1_191' title='bbox 1844 2145 1958 2200; x_wconf 88' lang='lat' dir='ltr'><strong>qua</strong></span> <span class='ocrx_word' id='word_1_192' title='bbox 1994 2129 2161 2198; x_wconf 87' lang='lat' dir='ltr'><strong>equi-</strong></span> 
     </span>
     <span class='ocr_line' id='line_1_23' title="bbox 198 2215 2162 2287; baseline -0.001 -13"><span class='ocrx_word' id='word_1_193' title='bbox 198 2223 320 2274; x_wconf 88' lang='lat' dir='ltr'><strong>tem</strong></span> <span class='ocrx_word' id='word_1_194' title='bbox 346 2219 388 2246; x_wconf 78' lang='lat'><strong>¹⁸</strong></span> <span class='ocrx_word' id='word_1_195' title='bbox 428 2218 631 2273; x_wconf 84' lang='lat' dir='ltr'><strong>invehi</strong></span> <span class='ocrx_word' id='word_1_196' title='bbox 676 2221 966 2281; x_wconf 86' lang='lat' dir='ltr'><strong>senserat,</strong></span> <span class='ocrx_word' id='word_1_197' title='bbox 1010 2216 1223 2271; x_wconf 86' lang='lat' dir='ltr'><strong>beluas</strong></span> <span class='ocrx_word' id='word_1_198' title='bbox 1266 2217 1366 2287; x_wconf 89' lang='lat' dir='ltr'><strong>agi</strong></span> <span class='ocrx_word' id='word_1_199' title='bbox 1409 2215 1638 2287; x_wconf 85' lang='lat' dir='ltr'><strong>jussit:</strong></span> <span class='ocrx_word' id='word_1_200' title='bbox 1684 2218 1788 2271; x_wconf 86' lang='lat' dir='ltr'><strong>sed</strong></span> <span class='ocrx_word' id='word_1_201' title='bbox 1834 2219 2065 2272; x_wconf 90' lang='lat' dir='ltr'><strong>tardum</strong></span> <span class='ocrx_word' id='word_1_202' title='bbox 2109 2223 2162 2273; x_wconf 90' lang='lat' dir='ltr'><strong>et</strong></span> 
     </span>
     <span class='ocr_line' id='line_1_24' title="bbox 201 2306 2161 2379; baseline 0 -17"><span class='ocrx_word' id='word_1_203' title='bbox 201 2324 375 2379; x_wconf 82' lang='lat' dir='ltr'><strong>paene</strong></span> <span class='ocrx_word' id='word_1_204' title='bbox 428 2307 730 2362; x_wconf 87' lang='lat' dir='ltr'><strong>immobile</strong></span> <span class='ocrx_word' id='word_1_205' title='bbox 759 2307 801 2334; x_wconf 77' lang='lat'><strong>¹⁴</strong></span> <span class='ocrx_word' id='word_1_206' title='bbox 846 2306 1062 2361; x_wconf 88' lang='lat' dir='ltr'><strong>animal</strong></span> <span class='ocrx_word' id='word_1_207' title='bbox 1089 2306 1128 2332; x_wconf 81' lang='lat'><strong>¹⁸</strong></span> <span class='ocrx_word' id='word_1_208' title='bbox 1170 2320 1458 2375; x_wconf 87' lang='lat' dir='ltr'><strong>equorum</strong></span> <span class='ocrx_word' id='word_1_209' title='bbox 1498 2306 1873 2365; x_wconf 81' lang='lat' dir='ltr'><strong>velocitatem</strong></span> <span class='ocrx_word' id='word_1_210' title='bbox 1928 2314 2161 2377; x_wconf 82' lang='lat' dir='ltr'><strong>aeq&#39;uare</strong></span> 
     </span>
     <span class='ocr_line' id='line_1_25' title="bbox 203 2392 2286 2467; baseline -0 -16"><span class='ocrx_word' id='word_1_211' title='bbox 203 2413 326 2452; x_wconf 90' lang='lat' dir='ltr'><strong>non</strong></span> <span class='ocrx_word' id='word_1_212' title='bbox 371 2398 625 2467; x_wconf 84' lang='lat' dir='ltr'><strong>poterat.</strong></span> <span class='ocrx_word' id='word_1_213' title='bbox 664 2396 752 2451; x_wconf 92' lang='lat' dir='ltr'><strong>Ne</strong></span> <span class='ocrx_word' id='word_1_214' title='bbox 799 2396 1150 2465; x_wconf 86' lang='lat' dir='ltr'><strong>sagittarum</strong></span> <span class='ocrx_word' id='word_1_215' title='bbox 1178 2392 1199 2410; x_wconf 86' lang='lat'><strong>*</strong></span> <span class='ocrx_word' id='word_1_216' title='bbox 1236 2393 1475 2464; x_wconf 80' lang='lat' dir='ltr'><strong>quidem</strong></span> <span class='ocrx_word' id='word_1_217' title='bbox 1521 2394 1676 2448; x_wconf 89' lang='lat' dir='ltr'><strong>ullus</strong></span> <span class='ocrx_word' id='word_1_218' title='bbox 1724 2398 1846 2450; x_wconf 85' lang='lat' dir='ltr'><strong>erat</strong></span> <span class='ocrx_word' id='word_1_219' title='bbox 1889 2396 2163 2450; x_wconf 87' lang='lat' dir='ltr'><strong>barbaris</strong></span> <span class='ocrx_word' id='word_1_220' title='bbox 2219 2394 2286 2450; x_wconf 86' lang='lat'><strong>19</strong></span> 
     </span>
     <span class='ocr_line' id='line_1_26' title="bbox 205 2483 2165 2556; baseline 0 -16"><span class='ocrx_word' id='word_1_221' title='bbox 205 2502 376 2541; x_wconf 62' lang='lat' dir='ltr'><strong>usus</strong></span> <span class='ocrx_word' id='word_1_222' title='bbox 408 2485 639 2556; x_wconf 87' lang='lat' dir='ltr'><strong>Quippe</strong></span> <span class='ocrx_word' id='word_1_223' title='bbox 667 2484 880 2556; x_wconf 85' lang='lat' dir='ltr'><strong>longas</strong></span> <span class='ocrx_word' id='word_1_224' title='bbox 920 2488 978 2538; x_wconf 89' lang='lat' dir='ltr'><strong>et</strong></span> <span class='ocrx_word' id='word_1_225' title='bbox 1004 2497 1365 2554; x_wconf 81' lang='lat' dir='ltr'><strong>praegraves,</strong></span> <span class='ocrx_word' id='word_1_226' title='bbox 1397 2483 1518 2536; x_wconf 92' lang='lat' dir='ltr'><strong>nisi</strong></span> <span class='ocrx_word' id='word_1_227' title='bbox 1554 2484 1722 2552; x_wconf 88' lang='lat' dir='ltr'><strong>prius</strong></span> <span class='ocrx_word' id='word_1_228' title='bbox 1750 2484 1811 2538; x_wconf 93' lang='lat' dir='ltr'><strong>in</strong></span> <span class='ocrx_word' id='word_1_229' title='bbox 1849 2487 2005 2539; x_wconf 86' lang='lat' dir='ltr'><strong>terra</strong></span> <span class='ocrx_word' id='word_1_230' title='bbox 2046 2489 2165 2540; x_wconf 86' lang='lat' dir='ltr'><strong>sta-</strong></span> 
     </span>
     <span class='ocr_line' id='line_1_27' title="bbox 205 2571 2162 2642; baseline -0.001 -12"><span class='ocrx_word' id='word_1_231' title='bbox 205 2577 441 2630; x_wconf 76' lang='lat' dir='ltr'><strong>tuerent</strong></span> <span class='ocrx_word' id='word_1_232' title='bbox 487 2589 691 2628; x_wconf 88' lang='lat' dir='ltr'><strong>arcum</strong></span> <span class='ocrx_word' id='word_1_233' title='bbox 713 2572 756 2642; x_wconf 66' lang='lat'><strong>⁴⁸,</strong></span> <span class='ocrx_word' id='word_1_234' title='bbox 793 2571 950 2626; x_wconf 88' lang='lat' dir='ltr'><strong>haud</strong></span> <span class='ocrx_word' id='word_1_235' title='bbox 998 2571 1145 2626; x_wconf 88' lang='lat' dir='ltr'><strong>satis</strong></span> <span class='ocrx_word' id='word_1_236' title='bbox 1187 2575 1319 2640; x_wconf 93' lang='lat' dir='ltr'><strong>apte</strong></span> <span class='ocrx_word' id='word_1_237' title='bbox 1362 2573 1419 2625; x_wconf 86' lang='lat' dir='ltr'><strong>et</strong></span> <span class='ocrx_word' id='word_1_238' title='bbox 1464 2572 1768 2627; x_wconf 87' lang='lat' dir='ltr'><strong>commode</strong></span> <span class='ocrx_word' id='word_1_239' title='bbox 1809 2572 2162 2642; x_wconf 88' lang='lat' dir='ltr'><strong>imponunt:</strong></span> 
     </span>
     <span class='ocr_line' id='line_1_28' title="bbox 205 2660 2168 2732; baseline -0.001 -13"><span class='ocrx_word' id='word_1_240' title='bbox 205 2666 330 2719; x_wconf 84' lang='lat' dir='ltr'><strong>tum</strong></span> <span class='ocrx_word' id='word_1_241' title='bbox 360 2664 539 2718; x_wconf 92' lang='lat' dir='ltr'><strong>humo</strong></span> <span class='ocrx_word' id='word_1_242' title='bbox 570 2662 818 2727; x_wconf 85' lang='lat' dir='ltr'><strong>lubrica,</strong></span> <span class='ocrx_word' id='word_1_243' title='bbox 843 2663 898 2715; x_wconf 93' lang='lat' dir='ltr'><strong>et</strong></span> <span class='ocrx_word' id='word_1_244' title='bbox 924 2661 995 2715; x_wconf 92' lang='lat' dir='ltr'><strong>ob</strong></span> <span class='ocrx_word' id='word_1_245' title='bbox 1028 2660 1087 2714; x_wconf 90' lang='lat' dir='ltr'><strong>id</strong></span> <span class='ocrx_word' id='word_1_246' title='bbox 1112 2660 1464 2729; x_wconf 89' lang='lat' dir='ltr'><strong>impediente</strong></span> <span class='ocrx_word' id='word_1_247' title='bbox 1490 2664 1781 2732; x_wconf 86' lang='lat' dir='ltr'><strong>conatum,</strong></span> <span class='ocrx_word' id='word_1_248' title='bbox 1803 2662 2113 2718; x_wconf 86' lang='lat' dir='ltr'><strong>molientes</strong></span> <span class='ocrx_word' id='word_1_249' title='bbox 2126 2664 2168 2692; x_wconf 85' lang='lat'><strong>¹⁸</strong></span> 
     </span>
     <span class='ocr_line' id='line_1_29' title="bbox 207 2748 2294 2823; baseline -0.001 -15"><span class='ocrx_word' id='word_1_250' title='bbox 207 2753 362 2808; x_wconf 87' lang='lat' dir='ltr'><strong>ictus</strong></span> <span class='ocrx_word' id='word_1_251' title='bbox 392 2751 689 2806; x_wconf 90' lang='lat' dir='ltr'><strong>celeritate</strong></span> <span class='ocrx_word' id='word_1_252' title='bbox 725 2750 985 2805; x_wconf 90' lang='lat' dir='ltr'><strong>hostium</strong></span> <span class='ocrx_word' id='word_1_253' title='bbox 1024 2753 1401 2817; x_wconf 87' lang='lat' dir='ltr'><strong>occupantur.</strong></span> <span class='ocrx_word' id='word_1_254' title='bbox 1432 2748 1589 2820; x_wconf 86' lang='lat' dir='ltr'><strong>Ergo</strong></span> <span class='ocrx_word' id='word_1_255' title='bbox 1627 2752 1825 2821; x_wconf 80' lang='lat' dir='ltr'><strong>spreto</strong></span> <span class='ocrx_word' id='word_1_256' title='bbox 1853 2752 2014 2823; x_wconf 89' lang='lat' dir='ltr'><strong>regis</strong></span> <span class='ocrx_word' id='word_1_257' title='bbox 2051 2755 2171 2807; x_wconf 79' lang='lat' dir='ltr'><strong>im-</strong></span> <span class='ocrx_word' id='word_1_258' title='bbox 2221 2751 2294 2806; x_wconf 77' lang='lat'><strong>20</strong></span> 
     </span>
     <span class='ocr_line' id='line_1_30' title="bbox 208 2836 2170 2911; baseline 0 -16"><span class='ocrx_word' id='word_1_259' title='bbox 208 2841 376 2910; x_wconf 89' lang='lat' dir='ltr'><strong>perio</strong></span> <span class='ocrx_word' id='word_1_260' title='bbox 407 2869 476 2880; x_wconf 93' lang='lat'>-</span> <span class='ocrx_word' id='word_1_261' title='bbox 502 2838 658 2911; x_wconf 93' lang='lat' dir='ltr'><strong>quod</strong></span> <span class='ocrx_word' id='word_1_262' title='bbox 689 2838 815 2894; x_wconf 84' lang='lat' dir='ltr'><strong>fere</strong></span> <span class='ocrx_word' id='word_1_263' title='bbox 846 2837 929 2907; x_wconf 85' lang='lat' dir='ltr'><strong>fit,</strong></span> <span class='ocrx_word' id='word_1_264' title='bbox 961 2836 1064 2891; x_wconf 88' lang='lat' dir='ltr'><strong>ubi</strong></span> <span class='ocrx_word' id='word_1_265' title='bbox 1102 2836 1353 2891; x_wconf 83' lang='lat' dir='ltr'><strong>turbatis</strong></span> <span class='ocrx_word' id='word_1_266' title='bbox 1391 2836 1591 2892; x_wconf 88' lang='lat' dir='ltr'><strong>acrius</strong></span> <span class='ocrx_word' id='word_1_267' title='bbox 1629 2839 1819 2892; x_wconf 86' lang='lat' dir='ltr'><strong>metus</strong></span> <span class='ocrx_word' id='word_1_268' title='bbox 1846 2854 2022 2910; x_wconf 86' lang='lat' dir='ltr'><strong>quam</strong></span> <span class='ocrx_word' id='word_1_269' title='bbox 2051 2840 2170 2896; x_wconf 83' lang='lat' dir='ltr'><strong>dux</strong></span> 
     </span>
     <span class='ocr_line' id='line_1_31' title="bbox 204 2926 2171 3001; baseline 0.001 -17"><span class='ocrx_word' id='word_1_270' title='bbox 204 2930 501 3001; x_wconf 64' lang='lat' dir='ltr'><strong>imperare</strong></span> <span class='ocrx_word' id='word_1_271' title='bbox 539 2928 713 2998; x_wconf 86' lang='lat' dir='ltr'><strong>coepit</strong></span> <span class='ocrx_word' id='word_1_272' title='bbox 736 2955 810 2968; x_wconf 88' lang='lat'><strong>—</strong></span> <span class='ocrx_word' id='word_1_273' title='bbox 835 2926 1078 2981; x_wconf 87' lang='lat' dir='ltr'><strong>totidem</strong></span> <span class='ocrx_word' id='word_1_274' title='bbox 1119 2929 1288 2981; x_wconf 88' lang='lat' dir='ltr'><strong>erant</strong></span> <span class='ocrx_word' id='word_1_275' title='bbox 1323 2926 1731 2995; x_wconf 79' lang='lat' dir='ltr'><strong>imperatoreS,</strong></span> <span class='ocrx_word' id='word_1_276' title='bbox 1766 2931 1905 2999; x_wconf 89' lang='lat' dir='ltr'><strong>quot</strong></span> <span class='ocrx_word' id='word_1_277' title='bbox 1938 2930 2171 3001; x_wconf 85' lang='lat' dir='ltr'><strong>agmina</strong></span> 
     </span>
    </p>
   </div>
   <div class='ocr_carea' id='block_1_3' title="bbox 262 3104 2202 3184">
    <p class='ocr_par' dir='ltr' id='par_1_5' title="bbox 262 3104 2202 3184">
     <span class='ocr_line' id='line_1_32' title="bbox 262 3104 2202 3184; baseline -0.004 -9"><span class='ocrx_word' id='word_1_278' title='bbox 262 3134 310 3176; x_wconf 79' lang='lat' dir='ltr'><strong>a.</strong></span> <span class='ocrx_word' id='word_1_279' title='bbox 344 3128 546 3184; x_wconf 74' lang='lat' dir='ltr'><strong>speciem</strong></span> <span class='ocrx_word' id='word_1_280' title='bbox 567 3126 781 3172; x_wconf 75' lang='lat' dir='ltr'><strong>turrium.</strong></span> <span class='ocrx_word' id='word_1_281' title='bbox 817 3127 887 3172; x_wconf 84' lang='lat' dir='ltr'><strong>cr.</strong></span> <span class='ocrx_word' id='word_1_282' title='bbox 921 3129 1033 3180; x_wconf 83' lang='lat' dir='ltr'><strong>vm,</strong></span> <span class='ocrx_word' id='word_1_283' title='bbox 1061 3137 1148 3179; x_wconf 77' lang='grc' dir='ltr'><strong>ιιι,</strong></span> <span class='ocrx_word' id='word_1_284' title='bbox 1176 3128 1224 3170; x_wconf 86' lang='lat'><strong>7.</strong></span> <span class='ocrx_word' id='word_1_285' title='bbox 2189 3104 2202 3129; x_wconf 82' lang='lat'><strong>¹</strong></span> 
     </span>
    </p>
   </div>
   <div class='ocr_carea' id='block_1_4' title="bbox 264 3188 1900 3619">
    <p class='ocr_par' dir='ltr' id='par_1_6' title="bbox 264 3188 1131 3245">
     <span class='ocr_line' id='line_1_33' title="bbox 264 3188 1131 3245; baseline -0.002 -11"><span class='ocrx_word' id='word_1_286' title='bbox 264 3195 338 3237; x_wconf 78' lang='lat'><strong>10.</strong></span> <span class='ocrx_word' id='word_1_287' title='bbox 372 3192 560 3245; x_wconf 72' lang='lat' dir='ltr'><strong>Anceps,</strong></span> <span class='ocrx_word' id='word_1_288' title='bbox 587 3192 647 3234; x_wconf 90' lang='lat' dir='ltr'><strong>ici</strong></span> <span class='ocrx_word' id='word_1_289' title='bbox 669 3190 892 3244; x_wconf 85' lang='lat' dir='ltr'><strong>douteux‚</strong></span> <span class='ocrx_word' id='word_1_290' title='bbox 910 3200 1005 3244; x_wconf 85' lang='lat' dir='ltr'><strong>peu</strong></span> <span class='ocrx_word' id='word_1_291' title='bbox 1029 3188 1131 3237; x_wconf 73' lang='lat' dir='ltr'><strong>eur.</strong></span> 
     </span>
    </p>

    <p class='ocr_par' dir='ltr' id='par_1_7' title="bbox 266 3251 1900 3371">
     <span class='ocr_line' id='line_1_34' title="bbox 266 3251 1900 3309; baseline 0.002 -12"><span class='ocrx_word' id='word_1_292' title='bbox 266 3256 338 3297; x_wconf 82' lang='lat'><strong>11.</strong></span> <span class='ocrx_word' id='word_1_293' title='bbox 374 3254 521 3298; x_wconf 72' lang='lat' dir='ltr'><strong>Genus</strong></span> <span class='ocrx_word' id='word_1_294' title='bbox 547 3254 730 3308; x_wconf 74' lang='lat' dir='ltr'><strong>auxilii,</strong></span> <span class='ocrx_word' id='word_1_295' title='bbox 753 3254 800 3297; x_wconf 90' lang='lat' dir='ltr'><strong>le</strong></span> <span class='ocrx_word' id='word_1_296' title='bbox 825 3263 968 3307; x_wconf 78' lang='lat' dir='ltr'><strong>genre</strong></span> <span class='ocrx_word' id='word_1_297' title='bbox 989 3252 1048 3296; x_wconf 91' lang='lat' dir='ltr'><strong>de</strong></span> <span class='ocrx_word' id='word_1_298' title='bbox 1067 3261 1257 3295; x_wconf 86' lang='lat' dir='ltr'><strong>secours</strong></span> <span class='ocrx_word' id='word_1_299' title='bbox 1278 3251 1412 3296; x_wconf 82' lang='lat' dir='ltr'><strong>offert</strong></span> <span class='ocrx_word' id='word_1_300' title='bbox 1440 3265 1522 3309; x_wconf 88' lang='lat' dir='ltr'><strong>par</strong></span> <span class='ocrx_word' id='word_1_301' title='bbox 1547 3255 1620 3298; x_wconf 74' lang='lat' dir='ltr'><strong>lea</strong></span> <span class='ocrx_word' id='word_1_302' title='bbox 1636 3253 1900 3309; x_wconf 76' lang='lat' dir='ltr'><strong>elephante.</strong></span> 
     </span>
     <span class='ocr_line' id='line_1_35' title="bbox 269 3314 1164 3371; baseline 0 -12"><span class='ocrx_word' id='word_1_303' title='bbox 269 3321 341 3359; x_wconf 76' lang='lat'><strong>12.</strong></span> <span class='ocrx_word' id='word_1_304' title='bbox 374 3317 566 3371; x_wconf 77' lang='lat' dir='ltr'><strong>Laemcm,</strong></span> <span class='ocrx_word' id='word_1_305' title='bbox 595 3326 775 3366; x_wconf 85' lang='lat' dir='ltr'><strong>erreur,</strong></span> <span class='ocrx_word' id='word_1_306' title='bbox 803 3326 919 3370; x_wconf 85' lang='lat' dir='ltr'><strong>pour</strong></span> <span class='ocrx_word' id='word_1_307' title='bbox 947 3314 1164 3359; x_wconf 73' lang='lat' dir='ltr'><strong>dextrum.</strong></span> 
     </span>
    </p>

    <p class='ocr_par' dir='ltr' id='par_1_8' title="bbox 271 3376 1551 3434">
     <span class='ocr_line' id='line_1_36' title="bbox 271 3376 1551 3434; baseline 0.002 -14"><span class='ocrx_word' id='word_1_308' title='bbox 271 3379 357 3421; x_wconf 63' lang='lat'><strong>13:</strong></span> <span class='ocrx_word' id='word_1_309' title='bbox 373 3379 594 3434; x_wconf 79' lang='lat' dir='ltr'><strong>Equitem.</strong></span> <span class='ocrx_word' id='word_1_310' title='bbox 622 3378 857 3434; x_wconf 83' lang='lat' dir='ltr'><strong>Singulier</strong></span> <span class='ocrx_word' id='word_1_311' title='bbox 880 3376 1099 3422; x_wconf 84' lang='lat' dir='ltr'><strong>collectif.</strong></span> <span class='ocrx_word' id='word_1_312' title='bbox 1127 3376 1194 3421; x_wconf 74' lang='lat' dir='ltr'><strong>Cf.</strong></span> <span class='ocrx_word' id='word_1_313' title='bbox 1225 3378 1302 3430; x_wconf 82' lang='lat'><strong>111,</strong></span> <span class='ocrx_word' id='word_1_314' title='bbox 1324 3381 1362 3431; x_wconf 90' lang='lat'><strong>1,</strong></span> <span class='ocrx_word' id='word_1_315' title='bbox 1382 3382 1490 3423; x_wconf 85' lang='lat' dir='ltr'><strong>note</strong></span> <span class='ocrx_word' id='word_1_316' title='bbox 1510 3382 1551 3422; x_wconf 89' lang='grc'><strong>3.</strong></span> 
     </span>
    </p>

    <p class='ocr_par' dir='ltr' id='par_1_9' title="bbox 274 3438 1335 3493">
     <span class='ocr_line' id='line_1_37' title="bbox 274 3438 1335 3493; baseline 0 -11"><span class='ocrx_word' id='word_1_317' title='bbox 274 3440 344 3483; x_wconf 69' lang='grc'><strong>14.</strong></span> <span class='ocrx_word' id='word_1_318' title='bbox 376 3441 616 3484; x_wconf 78' lang='lat' dir='ltr'><strong>Immobile.</strong></span> <span class='ocrx_word' id='word_1_319' title='bbox 642 3443 852 3484; x_wconf 84' lang='lat' dir='ltr'><strong>lnexact.</strong></span> <span class='ocrx_word' id='word_1_320' title='bbox 885 3438 1155 3493; x_wconf 73' lang='lat' dir='ltr'><strong>L’elephant</strong></span> <span class='ocrx_word' id='word_1_321' title='bbox 1181 3444 1335 3483; x_wconf 86' lang='lat' dir='ltr'><strong>court.</strong></span> 
     </span>
    </p>

    <p class='ocr_par' dir='ltr' id='par_1_10' title="bbox 272 3500 1164 3547">
     <span class='ocr_line' id='line_1_38' title="bbox 272 3500 1164 3547; baseline 0 -3"><span class='ocrx_word' id='word_1_322' title='bbox 272 3505 345 3547; x_wconf 72' lang='lat'><strong>¹5.</strong></span> <span class='ocrx_word' id='word_1_323' title='bbox 378 3501 571 3546; x_wconf 75' lang='lat' dir='ltr'><strong>Animal.</strong></span> <span class='ocrx_word' id='word_1_324' title='bbox 600 3500 827 3547; x_wconf 80' lang='lat' dir='ltr'><strong>collectis.</strong></span> <span class='ocrx_word' id='word_1_325' title='bbox 1158 3536 1164 3544; x_wconf 95' lang='lat'><strong>.</strong></span> 
     </span>
    </p>

    <p class='ocr_par' dir='ltr' id='par_1_11' title="bbox 273 3562 1475 3619">
     <span class='ocr_line' id='line_1_39' title="bbox 273 3562 1475 3619; baseline 0.003 -14"><span class='ocrx_word' id='word_1_326' title='bbox 273 3564 346 3609; x_wconf 76' lang='lat'><strong>10.</strong></span> <span class='ocrx_word' id='word_1_327' title='bbox 378 3564 623 3619; x_wconf 63' lang='lat' dir='ltr'><strong>Uelienses,</strong></span> <span class='ocrx_word' id='word_1_328' title='bbox 646 3563 936 3608; x_wconf 69' lang='lat' dir='ltr'><strong>c&#39;est-a-dire</strong></span> <span class='ocrx_word' id='word_1_329' title='bbox 959 3573 1054 3606; x_wconf 84' lang='lat' dir='ltr'><strong>cum</strong></span> <span class='ocrx_word' id='word_1_330' title='bbox 1078 3562 1224 3606; x_wconf 79' lang='lat' dir='ltr'><strong>labore</strong></span> <span class='ocrx_word' id='word_1_331' title='bbox 1241 3564 1475 3618; x_wconf 73' lang='lat' dir='ltr'><strong>facientes.</strong></span> 
     </span>
    </p>
   </div>
   <div class='ocr_carea' id='block_1_5' title="bbox 2468 2996 2479 3573">
    <p class='ocr_par' dir='ltr' id='par_1_12' title="bbox 2468 2996 2479 3573">
     <span class='ocr_line' id='line_1_40' title="bbox 2468 2996 2479 3573; baseline 0 0"><span class='ocrx_word' id='word_1_332' title='bbox 2468 2996 2479 3573; x_wconf 95' lang='lat' dir='ltr'><strong> </strong></span> 
     </span>
    </p>
   </div>
  </div>
 </body>
</html>
