2517 3975
297 547 367 603 35

300 902 369 958 36

298 1350 366 1406 37

424 155 532 213 222
599 172 606 181 ·
1190 175 1244 223 Q.
1289 174 1462 214 cmm
1499 173 1637 214 nort

421 280 537 336 bus
564 278 774 347 victus,
805 297 1026 338 verane
1041 283 1083 312 ²⁷
1103 283 1341 354 dixerit,
1359 300 1491 356 quae
1519 280 1671 337 facta
1691 279 1933 352 probari
1954 296 2077 336 non
2095 278 2334 355 poterant,

422 386 497 426 an
536 371 704 427 falsis
741 375 1170 429 tormentorum
1211 375 1447 446 petierit
1490 373 1695 440 finem,
1745 387 1809 426 re
1861 387 2098 443 quoque
2143 367 2333 438 recenti,

422 477 553 516 cum
581 463 773 533 magis
802 467 1011 534 posset
1037 464 1289 536 liquere,
1321 464 1652 519 dubitatum
1682 464 1793 516 est.

491 549 847 619 Alexander,
881 567 1029 621 quos
1059 553 1247 608 libere
1294 556 1546 608 mortem
1571 549 1987 605 Parmenionis
2033 551 2337 619 conquestos

422 652 560 691 esse
608 642 995 709 compererat,
1039 641 1406 711 separandos
1453 658 1488 695 a
1533 642 1729 694 cetero
1780 638 2044 692 exercitu
2096 640 2268 704 ratus,
2298 634 2339 687 in

421 741 601 801 uuam
629 726 935 783 cohortem
954 729 977 749 *
1006 731 1283 798 secrevit,
1309 730 1633 801 ducemque
1656 727 1751 780 his
1773 726 2104 782 Leonidam
2134 726 2290 793 dedit,
2304 724 2340 778 et

421 815 619 885 ipsum
650 815 1034 872 Parmenioni
1064 819 1359 890 quondam
1402 820 1606 874 intima
1654 816 2050 873 familiaritate
2103 816 2338 888 conjunc-

423 908 565 960 tum.
589 904 740 962 Fere
768 907 942 963 iidem
976 913 1161 976 erant,
1182 925 1333 980 quos
1353 910 1618 981 alioquin
1636 908 1677 936 '⁸
1696 924 1804 962 rex
1825 907 2113 961 habuerat
2132 906 2337 960 invisos.

425 995 573 1049 Nam
596 1012 729 1050 cum
760 996 1016 1067 experiri
1042 997 1218 1053 vellet
1264 999 1513 1053 militum
1552 1000 1804 1064 animoS,
1852 994 2229 1062 admonuit²⁰,
2275 990 2342 1065 qui

422 1083 651 1139 litteras
679 1085 740 1139 in
789 1085 1183 1142 Macedoniam
1222 1087 1294 1142 ad
1342 1103 1489 1142 suos
1536 1088 1903 1157 scripsisset,
1934 1086 2034 1152 iis,
2070 1101 2215 1157 quos
2249 1083 2342 1153 ipse

422 1171 689 1227 mittebat
706 1173 768 1241 ⁸⁰,
783 1174 1099 1243 perlaturis
1120 1190 1253 1230 cum
1274 1175 1387 1230 fide
1409 1175 1684 1230 traderet.
1707 1173 2072 1244 Simpliciter
2097 1173 2165 1226 ad
2184 1183 2343 1225 neces-

424 1260 670 1315 sarios⁸¹
690 1277 835 1318 suos
850 1265 1102 1336 quisque
1125 1265 1452 1344 scripserat
1478 1281 1609 1336 quae
1635 1264 1928 1319 sentiebat
1963 1280 1976 1316 ε
2006 1262 2144 1316 aliis
2179 1257 2344 1333 gravis

423 1353 569 1415 erat,
601 1351 902 1426 plerisque
934 1369 1053 1407 non
1083 1355 1319 1425 ingrata
1339 1356 1565 1410 militia.
1600 1355 1686 1408 Ita
1715 1356 1769 1408 et
1798 1353 2107 1423 agentium
2135 1349 2344 1423 gratiae,

423 1441 481 1495 et
510 1444 885 1512 querentium
923 1443 1128 1499 litterae
1178 1447 1435 1516 exceptae
1477 1449 1643 1509 sunt;
1678 1445 1734 1498 et
1766 1441 1924 1514 qui⁸'
1963 1441 2115 1496 forte
2147 1440 2347 1494 taedium

424 1529 647 1585 laboris
678 1547 788 1601 per
815 1532 1043 1587 litteras
1074 1539 1238 1588 erant
1294 1535 1510 1606 questi,
1555 1533 1705 1588 haue
1742 1547 1994 1586 seorsus
2040 1524 2346 1586 cohortem‘

425 1635 461 1673 a
515 1621 730 1675 ceteris
787 1621 1059 1689 tendere,
1129 1622 1476 1693 ignominiae
1534 1638 1740 1693 causa,
1793 1619 1981 1692 jubet,
2048 1615 2347 1673 fortitudine

423 1723 648 1763 usurus
681 1710 743 1763 in
771 1709 949 1776 bello,
983 1710 1314 1766 libertatem
1343 1712 1567 1781 linguae
1597 1711 1667 1766 ab
1699 1710 1948 1765 auribus
1996 1707 2248 1764 credulis
2279 1717 2349 1756 re·

423 1799 711 1853 moturus,
751 1798 824 1854 Et
853 1798 1186 1868 consilium,
1221 1801 1600 1856 temerarium
1622 1800 1873 1855 forsitan
1900 1830 1972 1839 —
1998 1798 2214 1870 quippe
2255 1793 2351 1847 for-

324 1878 337 1887 *
424 1889 644 1942 tissimi
669 1887 924 1959 juvenes
952 1890 1309 1945 contumelia
1338 1890 1549 1946 irritati
1577 1893 1740 1945 erant
1768 1921 1837 1930 —
1866 1889 2021 1944 sicut
2050 1885 2240 1942 omnia
2263 1881 2351 1937 alia

298 2068 368 2123 38

425 1975 674 2034 felicitas
704 1979 867 2052 regis
892 1980 1122 2051 excepit
1135 1979 1214 2035 ³³:
1256 1980 1405 2035 nihil
1436 1981 1557 2036 illis
1584 1979 1659 2035 ad
1693 1979 1847 2034 bella
1886 1975 2208 2050 promptius
2247 1971 2350 2040 fuit.

424 2066 710 2122 Incitabat
738 2068 1017 2123 virtutem
1047 2072 1101 2123 ct
1131 2069 1475 2139 ignominiae
1526 2068 1822 2124 demendae
1868 2068 2107 2139 cupido,
2152 2066 2206 2120 ct
2240 2060 2352 2133 quia

421 2154 597 2213 fortia
627 2157 779 2212 faeta
808 2158 869 2212 in
897 2158 1106 2232 paucis
1134 2159 1319 2213 latere
1347 2175 1467 2214 non
1496 2160 1796 2240 poterant.

1217 2360 1471 2417 CAPUT
1511 2362 1591 2416 III

579 2496 908 2548 Soumission
942 2496 1033 2545 des
1068 2496 1369 2559 Arimaspes
1407 2479 1725 2558 (E'lvergctes)
1761 2499 1812 2542 et
1845 2494 1938 2542 des
1972 2493 2220 2543 habitants

736 2578 799 2629 de
832 2577 1175 2630 l’Arachosie.
1211 2603 1275 2613 —
1308 2576 1536 2637 Passage
1571 2574 1640 2623 du
1675 2574 2068 2637 ParopamisuS.

1181 2690 1357 2746 (niver,
1387 2688 1615 2745 330·329.)
2441 2635 2444 2772 Α

492 2826 604 2880 His
633 2825 712 2880 ita
742 2823 1111 2896 compositiS,
1137 2819 1491 2885 Alexander,
1516 2818 1765 2873 Arsame
1798 2818 2078 2873 Ariorum
2106 2805 2342 2881 satrape*

471 2966 545 3012 27.
584 2966 816 3013 Verane...
844 2976 919 3012 an.
954 2965 1016 3009 Ne
1036 2974 1152 3019 pour
1174 2966 1340 3006 utrum.
1375 2960 1447 3006 Cf.
1478 2963 1552 3017 111,
1573 2973 1651 3015 vn,
1683 2965 1790 3004 note
1812 2959 1887 3004 17.
2441 2925 2444 3004 Ι

471 3034 547 3073 28.
573 3029 787 3084 Alioquin
811 3040 926 3082 pour
954 3027 1154 3071 d'autres
1179 3024 1377 3072 raisons.
2264 3077 2273 3085 .
2443 3043 2444 3046 =

471 3096 543 3136 29.
568 3091 861 3136 construisez
882 3085 1118 3135 ‘Admonuit
1137 3093 1205 3143 ut,
1228 3087 1268 3130 is
1295 3087 1393 3144 qui.
1408 3119 1420 3132 .
1435 3121 1448 3134 .
1472 3088 1748 3145 scripsisset,
1782 3085 1982 3130 traderet
2008 3085 2084 3140 iis,
2105 3092 2202 3140 quos
2217 3078 2342 3122 matte-

390 3183 393 3188 -
421 3152 759 3208 bac‚perlaturis
776 3165 872 3197 cum
900 3154 1005 3208 fide.

471 3219 546 3259 30.
575 3215 637 3257 Iis
651 3226 752 3268 quo-v
772 3217 988 3268 mittebat,
1010 3218 1079 3260 les
1099 3217 1340 3262 courriers'
1354 3228 1539 3273 royaux.
1561 3239 1614 3249 —
1632 3215 1743 3268 Quos
1767 3215 1992 3259 mittebat.
2012 3213 2219 3267 L'epoque
2237 3203 2343 3248 01³⁵*
2437 3193 2444 3338 1

421 3278 555 3332 sique
585 3278 791 3319 metti-ait
818 3279 861 3319 le
881 3278 1175 3330 subjonctifa
1199 3290 1339 3323 cause
1368 3280 1430 3323 du
1452 3280 1576 3334 style
1594 3279 1815 3325 indirect.

470 3346 545 3385 31.
577 3338 872 3383 Necessariae.
895 3340 965 3385 cf.
1005 3341 1047 3382 le
1069 3348 1162 3386 mot
1190 3343 1481 3389 necessitudo.
1505 3346 1577 3391 lv,
1617 3354 1664 3394 x,
1687 3347 1794 3384 note
1822 3342 1894 3386 15.

470 3404 544 3446 32.
579 3401 682 3453 Qui,
704 3412 787 3443 son
813 3401 1090 3445 antecedent
1117 3405 1232 3448 dans
1250 3404 1359 3448 hanc
1391 3407 1475 3448 mis
1507 3416 1587 3459 par
1608 3406 1857 3447 attraction
1879 3415 1996 3458 pour
2017 3402 2181 3446 luorum.

471 3467 545 3510 33.
573 3463 774 3517 Excepit,
816 3465 904 3515 prit
934 3475 1046 3516 pour
1076 3476 1156 3509 son
1189 3473 1435 3521 avantage,
1479 3467 1527 3509 fit
1568 3473 1755 3510 tourner
1793 3466 1820 3509 a
1859 3477 1945 3512 sou
1972 3470 2203 3518 avantage.
2233 3455 2340 3500 cette

422 3528 628 3570 locution
656 3524 957 3579 n'appartient
984 3536 1068 3577 pas
1098 3526 1189 3572 ala
1215 3539 1351 3582 prose
1379 3529 1635 3583 classique.
