2517 3975
574 254 962 294 msronunuu
1001 251 1335 291 Annxmnm
1373 252 1480 305 vn,
1522 253 1563 289 1.
1944 233 2051 287 213

188 356 353 428 Cujus
389 374 625 431 corpore
662 363 880 429 ablato,
922 378 1032 417 rex
1077 362 1372 417 introduci
1416 362 1605 433 jussit
1639 361 1950 432 Amyntam
1994 364 2052 417 et

128 445 377 501 Simiam:
419 465 545 504 nam
589 451 896 521 Polemon,
927 452 1211 505 minimus
1261 467 1337 505 ex
1384 450 1693 517 fratribus,
1736 466 1870 505 cum
1906 449 2050 503 Phi-

124 533 254 589 lotan
291 539 537 610 torqueri
587 542 996 611 comperisset,
1049 539 1422 611 profugerat.
1480 539 1756 593 Omnium
1805 538 2053 594 Philotae

128 625 411 680 amicorum
446 627 502 681 hi
530 630 826 683 carissimi
862 630 1113 697 fuerant,
1156 629 1228 683 ad
1278 645 1496 700 magna
1533 631 1591 682 et
1618 629 1906 683 honorata
1935 630 2054 682 mi-

125 713 388 769 nisteria¹⁸
423 715 579 772 illius
605 719 862 774 maxime
900 718 1336 789 suffragatione
1357 717 1649 788 producti:
1683 717 2053 772 meminerat-

127 816 217 871 que
255 818 599 874 rex,summo
644 807 840 861 studio
886 807 958 861 ab
999 822 1067 862 eo
1107 806 1454 861 conciliatos
1474 806 1515 834 ¹⁸
1553 806 1687 860 sibi.
1721 806 1845 860 Nec
1882 805 2054 860 dubi-

125 890 298 945 tabat¹⁷
314 893 495 963 igitur
512 893 692 968 hujus
713 910 947 965 quoque
967 895 1155 950 ultimi
1177 894 1415 950 consilii
1433 894 1673 950 fuisse¹⁸
1692 894 2012 965 participes
2035 909 2049 948 :

132 1001 148 1025 α
173 977 362 1034 Olim¹⁹
390 982 504 1037 sibi
545 998 682 1038 esse
719 986 1035 1054 suspectos
1053 984 1094 1011 ’⁰
1118 982 1326 1039 matris
1344 983 1383 1010 '¹
1416 999 1538 1039 suae
1568 983 1806 1054 litteris,
1839 983 2055 1054 quibus

124 1070 254 1122 esset
278 1070 606 1127 admonitus
635 1074 699 1126 ut
729 1072 804 1127 ab
833 1071 925 1127 his
964 1072 1214 1127 salutem
1255 1088 1426 1126 suam
1454 1074 1721 1128 tueretur
1746 1088 1760 1127 ε
1791 1075 2054 1127 ceterum

122 1156 442 1233 seuinvitum
483 1160 783 1216 deteriora
825 1162 1184 1228 credentem,
1238 1177 1398 1216 nunc
1443 1160 1779 1216 manifestis
1816 1161 2056 1215 indiciis

119 1245 322 1314 victum,
362 1247 625 1320 jussisse
665 1250 969 1306 vinciri”.
1005 1249 1180 1318 Nam,
1215 1250 1410 1320 pridie
1450 1264 1625 1320 quam
1676 1251 2057 1322 detegeretur

124 1333 332 1392 Philotae
360 1339 578 1407 sceluS,
620 1339 763 1409 quin
801 1340 860 1393 in
888 1342 1113 1395 secreto
1152 1355 1287 1393 cum
1314 1354 1386 1393 eo
1410 1337 1685 1409 fuissent,
1722 1354 1845 1393 non
1872 1354 2055 1409 posse

123 1420 359 1480 dubitari.
388 1426 662 1481 Fratrem
690 1442 854 1496 νει-ο,
881 1427 984 1498 qui
1003 1426 1356 1497 profugerit,
1380 1442 1513 1481 cum
1542 1427 1614 1481 de
1644 1425 1871 1481 Philota
1897 1442 2057 1497 quae-

124 1516 319 1567 reretur
334 1515 393 1583 ²⁸,
426 1516 739 1587 aperuisse
777 1516 938 1588 fugae
977 1532 1249 1571 causam.
1284 1516 1510 1587 Nuper,
1549 1518 1768 1587 praeter
1805 1531 2058 1570 consue-

122 1598 369 1674 tudinem,
400 1605 643 1659 officii²⁴
672 1605 893 1675 specie,
929 1605 1141 1658 amotis
1173 1603 1414 1676 longius
1452 1605 1681 1666 ceteris,
1715 1604 2057 1659 admovisse

124 1692 437 1762 semetipsos
475 1693 652 1748 lateri
699 1709 828 1761 suo,
868 1693 1029 1747 nulla
1077 1693 1378 1763 probabili
1418 1708 1597 1748 causa
1634 1710 1648 1747 z
1698 1709 1903 1764 seque,
1942 1693 2057 1746 mi-

123 1783 309 1835 rantem
337 1783 492 1853 quod
522 1798 647 1837 non
673 1782 804 1837 vice
843 1798 954 1837 sua
995 1781 1099 1836 tali
1136 1780 1530 1853 fungerentur
1569 1781 1788 1851 officio,
1829 1784 1889 1836 et
1927 1782 2061 1852 ipsa

122 1868 476 1938 trepidatione
534 1886 739 1926 eorum
788 1869 1189 1940 perterritum,
1241 1872 1485 1925 strenue
1537 1871 1610 1924 ad
1656 1873 1991 1944 armigeros
2013 1871 2053 1938 *,

124 1957 204 2027 qui
250 1962 514 2030 proxime
572 1960 989 2031 sequebantur,
1043 1960 1393 2016 recessisse.
1441 1959 1532 2014 Ad
1579 1960 1705 2015 haec
1755 1959 2057 2023 accedere,

122 2050 265 2115 quod,
303 2066 435 2105 cum
482 2048 876 2119 AntiphaneS,
923 2048 1162 2104 scriba*
1202 2048 1480 2118 equitum,
1522 2051 1788 2120 Amyntae
1827 2050 2059 2104 denun-

123 2133 313 2202 tiasset,
344 2138 540 2208 pridie
578 2153 752 2209 quam
781 2137 1026 2192 Philotae
1065 2136 1265 2192 scelus
1305 2136 1745 2207 deprehensum
1784 2141 1963 2204 esset,
1996 2141 2062 2193 ut

121 2237 179 2276 ex
216 2224 336 2279 suis
385 2227 585 2299 equis,
632 2240 798 2280 more
846 2226 1058 2294 solito,
1109 2225 1276 2280 daret
1300 2225 1342 2252 '⁸
1388 2224 1515 2295 hia,
1573 2226 1673 2297 qui
1717 2226 2062 2281 amisissent

121 2323 298 2381 aquosi,
327 2313 592 2385 superbe
626 2312 1059 2381 respondisset,
1088 2312 1209 2367 nisi
1246 2312 1483 2383 incepto
1524 2311 1862 2378 desisteret,
1892 2312 2061 2368 brevi

118 2399 368 2457 sciturum
405 2401 547 2474 quis
574 2402 704 2472 ipse
745 2403 924 2457 esset.
960 2401 1094 2456 Jam
1133 2400 1356 2473 linguae
1387 2401 1726 2457 violentiam
1756 2401 2059 2457 temerita-

157 2591 218 2633 15.
248 2587 475 2634 Honor-ata
498 2587 999 2642 ministeria,locution
1028 2599 1120 2631 non
1139 2587 1397 2642 classique.

156 2653 219 2694 16.
249 2650 542 2695 conciliatae.
564 2650 737 2705 Ellipse
767 2649 829 2693 du
859 2650 981 2703 sajet
1002 2660 1098 2693 eos.

158 2716 218 2755 17.
248 2713 330 2756 Nec
347 2714 583 2757 dubitabat
600 2712 760 2764 fuisse.
783 2714 853 2756 On
878 2722 905 2754 a
935 2723 996 2755 vu
1018 2712 1104 2766 (lv,
1125 2722 1237 2764 xm,
1270 2717 1380 2756 note
1406 2712 1478 2766 30)
1506 2711 1620 2756 baad
1637 2711 1793 2756 dubius
1820 2722 1937 2756 avec
1965 2723 2059 2758 une

116 2776 373 2828 proposition
403 2772 662 2819 infinitivo.
685 2778 747 2817 De
767 2774 919 2818 meme
949 2774 1085 2829 apres
1112 2784 1197 2817 nan
1217 2774 1576 2829 dubito,dubium
1599 2786 1685 2819 non
1707 2779 1791 2827 est,
1812 2786 1872 2818 on
1895 2778 2061 2821 trouva

117 2834 137 2875 ὲ
158 2839 283 2889 pai-tir
304 2838 563 2891 d'Auguste
581 2837 628 2880 la
648 2835 932 2891 proposition
960 2835 1188 2880 infinitiva
1207 2847 1267 2881 au
1298 2835 1393 2879 lieu
1417 2838 1476 2880 de
1501 2836 1608 2891 quin
1635 2841 1684 2880 et
1705 2836 1752 2880 le
1781 2836 2056 2892 subiunctis.

115 2896 188 2939 Non
210 2899 467 2943 dubitabant
495 2898 712 2952 consules,
741 2897 905 2941 deletis
926 2897 1212 2947 exercitibus,
1254 2897 1419 2942 hostem
1446 2898 1503 2941 ad
1531 2899 1855 2953 oppugnandam
1880 2899 2059 2944 Romam

113 2964 331 3006 venturum.
356 2965 447 3006 Les
478 2961 668 3006 consuls
703 2971 763 3003 ne
782 2959 1022 3004 doutaient
1046 2971 1128 3014 pas
1164 2958 1381 3014 qu’apres
1414 2959 1844 3006 l’aneantissement
1879 2962 1963 3006 des
1988 2973 2062 3005 ar-

114 3022 238 3079 mees,
254 3025 477 3068 l’ennemi
506 3034 567 3067 ne
593 3023 694 3066 vint
718 3022 923 3077 assieger
948 3026 1090 3067 Rome
1112 3021 1186 3076 (Τ.
1210 3021 1336 3073 Liv„
1357 3025 1485 3076 xxn,
1512 3023 1608 3078 55).

156 3089 222 3130 18.
253 3088 440 3131 Fuisse.
473 3084 647 3140 Ellipse
671 3085 733 3129 du
753 3083 877 3138 sujet
893 3095 984 3128 eos.

155 3151 217 3192 19.
243 3148 378 3195 Olim.
411 3149 480 3193 Cr.
520 3151 569 3201 V,
595 3160 638 3200 v,
660 3152 768 3191 note
789 3152 860 3192 15.

148 3213 212 3256 20.
246 3211 481 3265 Suspecta-e
507 3221 619 3267 esee,
639 3208 861 3265 suppleo-a
888 3208 1029 3262 dixit,
1057 3207 1137 3263 qui
1162 3207 1329 3253 ameno
1362 3210 1407 3253 la
1434 3211 1721 3265 proposition
1736 3211 1988 3265 infinitivo,
2010 3215 2057 3255 et

113 3281 184 3324 eos,
202 3274 324 3328 sujet
345 3273 405 3316 de
429 3276 654 3328 suspectos
672 3283 784 3315 ease.

152 3336 215 3377 2¹.
240 3336 427 3380 Hatris.
457 3334 720 3389 olympias.

151 3401 212 3440 Β.
245 3397 444 3442 Vincit-i.
476 3397 648 3452 Ellipse
677 3397 738 3441 du
758 3397 882 3450 sajet
907 3408 999 3440 eos.

152 3462 214 3504 23.
242 3458 546 3511 emeretur.
582 3458 653 3504 cf.
686 3459 886 3515 auxatia,
916 3462 989 3513 VI,
1015 3469 1115 3514 vm,
1139 3463 1249 3503 note
1266 3461 1341 3504 20.

140 3523 223 3566 34.
255 3522 427 3576 Officii.
461 3524 522 3565 lls
542 3522 716 3566 etaient
735 3521 947 3575 armineri
975 3521 1015 3576 (ἓ
1035 3525 1087 3565 18
1115 3527 1160 3564 et
1188 3523 1281 3576 20).

154 3588 218 3627 25.
245 3585 383 3629 Daret
412 3596 467 3630 ex
492 3585 589 3629 suis
615 3585 754 3639 equis.
782 3583 903 3636 Qu’il
919 3582 1091 3628 donnat
1108 3583 1166 3629 de
1185 3595 1265 3629 ses
1288 3587 1521 3630 chevaux.

2106 358 2176 412 10

2108 536 2170 591 11

2110 981 2179 1035 12

2111 1247 2181 1304 13

2114 1516 2180 1570 14

2117 1961 2185 2016 15

2115 2406 2185 2461 16
