2517 3975
331 351 396 409 31

331 530 400 585 32

334 1953 403 2010 36

331 2309 399 2364 37

330 2487 400 2542 38

459 223 564 279 270
1218 244 1272 288 Q.
1313 246 1482 284 cun-ri
1519 247 1658 287 nuri

455 351 886 419 impetraretur.
918 352 1309 406 Praemissum
1354 355 1542 423 igitur
1575 355 1834 411 Oxarten
1876 371 2012 410 cum
2049 358 2225 411 matre
2256 355 2369 409 libe·
2449 379 2450 422 3

2447 235 2450 320 Ι

2449 323 2450 376 l

453 440 659 510 risque
685 442 742 494 et
770 442 950 495 totius
978 440 1405 513 cognationis²⁸
1433 458 1613 517 grege
1645 444 2032 515 sequebatur,
2061 460 2137 498 ne
2167 458 2369 513 exspes·
2449 465 2450 478 2

451 529 572 582 tato
611 528 847 598 quidem
884 517 1024 596 ¹fidei
1052 530 1344 602 pignore,
1376 531 1532 602 quod
1569 532 1820 587 Oxartes
1864 533 2236 603 promiserat.
2259 533 2369 593 Rex,

453 617 648 688 equite
674 617 716 645 ’⁴
760 619 1075 687 praemisso
1131 620 1232 689 qui
1285 621 1508 675 reverti
1565 636 1671 676 eos
1734 622 1971 693 juberet
2044 621 2370 693 opperirique

451 706 834 776 praesentiam
880 707 1105 777 ipsine,
1147 709 1529 778 supervenit;
1581 712 1665 778 et,
1698 710 1953 765 victimis
1994 709 2296 765 Minervae*
2325 723 2370 761 ae

452 794 731 850 VictorIae
751 795 774 817 '¹
802 796 998 864 caesis,
1032 796 1345 866 imperium
1376 797 1700 853 Sisimithri
1728 799 2008 867 restituit,
2040 816 2147 870 spe
2175 797 2370 870 majoris

454 884 628 938 etiam
678 884 1008 954 provinciae
1052 883 1232 950 facta,
1283 885 1337 940 si
1379 899 1512 940 cum
1556 884 1668 940 fide
1714 888 2027 942 amicitiam
2073 889 2260 958 ipsius
2298 899 2371 940 co-

454 971 686 1028 luisset.
733 972 896 1027 Duos
937 973 1028 1026 illi
1063 975 1323 1046 ¹juvenes
1341 974 1384 1044 *,
1424 977 1591 1045 patre
1634 975 1917 1043 tradente,
1949 973 2167 1031 'secum
2211 976 2373 1031 milita·

453 1048 621 1118 turos
651 1063 824 1132 sequi
846 1061 1053 1134 jussit.

526 1149 753 1204 Relicta
782 1149 994 1205 deinde
1014 1150 1310 1223 phalange
1329 1152 1370 1221 *‚
1405 1153 1479 1207 ad
1517 1153 1888 1224 subigendos
1926 1151 2280 1225 SogdianoS,
2304 1150 2376 1220 qui
2447 1207 2448 1214 ,

453 1238 809 1306 defecerant,
842 1255 976 1295 cum
1002 1242 1196 1312 equite
1221 1242 1541 1312 processit.
1573 1242 1839 1297 Arduum
1867 1245 1924 1297 et
1952 1244 2287 1314 impeditum
2309 1254 2376 1293 sa·

452 1327 551 1382 xis
593 1328 706 1382 iter
745 1327 938 1397 primo
993 1332 1310 1400 utcumque
1351 1330 1714 1401 tolerabant3
1759 1346 1919 1399 mox,
1966 1346 2250 1400 equorum
2290 1342 2378 1382 noa

453 1411 699 1487 ungulis
741 1416 917 1470 modo
966 1416 1205 1485 attritiS,
1239 1417 1349 1471 sed
1395 1418 1748 1488 corporibus
1796 1418 1974 1473 etiam
2004 1418 2376 1492 fatigatiS,se-

454 1502 556 1575 qui
581 1502 849 1575 plerique
876 1518 999 1557 non
1026 1507 1323 1574 poterant,
1355 1508 1413 1559 et
1439 1506 1639 1559 rarius
1678 1506 1932 1561 subinde
1967 1522 2185 1578 agmen
2222 1506 2376 1570 fiebat,

452 1591 760 1664 pudorem,
783 1595 847 1646 ut
871 1591 996 1647 fere
1028 1593 1109 1660 fit,
1132 1593 1451 1652 immodico
1483 1594 1687 1648 labore
1710 1593 2011 1651 vincente.
2039 1595 2173 1649 Rex
2198 1600 2377 1654 tamen,
2445 1651 2452 1666 ,

456 1681 709 1738 subinde
748 1697 934 1753 equos
969 1684 1226 1750 mutanS,
1263 1682 1392 1737 sine
1430 1673 1870 1738 intermissione
1915 1682 2217 1754 fugientes
2250 1685 2379 1736 inse-
2451 1697 2452 1706 ³

456 1769 764 1840 quebatur.
808 1769 1059 1824 Nobiles
1097 1769 1419 1841 juvenes*,
1466 1771 1730 1825 comitari
1781 1785 1915 1826 eum
1963 1771 2145 1842 soliti,
2192 1770 2381 1826 defece-
2451 1769 2452 1804 ³

454 1864 607 1925 rant,
631 1863 854 1929 praeter
880 1859 1237 1930 Philippum.
1268 1860 1607 1929 Lysimachi
1636 1864 1761 1914 erat
1773 1844 1988 1930 *fi-ater,
2011 1863 2138 1917 tum
2165 1861 2380 1932 primum

455 1947 708 2014 adultuS,
750 1949 824 2016 et,
858 1948 1073 2019 quod'³
1100 1947 1273 2002 facile
1321 1952 1645 2019 appareret,
1680 1948 1896 2004 indolis
1934 1964 2113 2007 rarae.
2142 1949 2197 2004 Is
2234 1948 2380 2020 pedes

454 2036 888 2092 —incredibile
914 2038 1072 2092 dictu
1090 2064 1164 2079 —
1183 2053 1289 2108 per
1308 2055 1344 2091 n
1376 2038 1564 2092 stadia
1579 2038 1598 2060 *
1621 2046 1850 2093 vectum
1873 2054 2082 2110 regem
2111 2040 2381 2094 comitatus

454 2134 567 2194 est,
600 2142 759 2197 saepe
789 2141 1006 2199 equum
1038 2142 1211 2181 suum
1242 2125 1532 2182 offerente
1573 2127 1923 2199 Lysimacho
1948 2142 1960 2190 ;
1994 2144 2106 2183 neo
2131 2130 2314 2182 tamen
2335 2127 2382 2178 ut

453 2215 862 2288 digrederetur
889 2231 924 2270 a
952 2231 1090 2288 rege
1121 2215 1274 2270 effici
1306 2217 1515 2286 potuit,
1539 2232 1671 2270 cum
1684 2216 1726 2244 '⁶
1744 2217 1963 2271 lorica*
1983 2217 2221 2271 indutus
2249 2226 2383 2270 arma

452 2305 736 2375 gestaret.
776 2305 968 2374 Idem,
1012 2321 1143 2358 cum
1190 2309 1539 2376 perventum
1587 2309 1747 2360 esset
1792 2307 1853 2359 in
1901 2306 2143 2373 saltum,
2189 2307 2250 2359 in
2290 2316 2382 2375 quo

453 2409 519 2449 se
558 2393 799 2449 barbari
838 2393 1202 2464 abdiderant,
1250 2395 1507 2449 nobilem
1550 2394 1725 2449 edidit
1769 2410 2052 2466 pugnam,
2097 2405 2383 2466 regemque

452 2469 784 2538 comminus
822 2497 955 2537 cum
997 2481 1165 2537 hoste
1204 2483 1579 2537 dimicantem
1620 2482 1896 2552 protexit.
1929 2482 2068 2552 Sed,
2106 2486 2383 2554 postquam

350 2614 353 2617 .
449 2570 689 2626 barbari
735 2571 797 2625 in
842 2571 1050 2643 fugam
1096 2571 1281 2627 effusi
1320 2571 1640 2626 deseruere
1683 2571 1891 2642 silvas,
1925 2572 2173 2641 animus),
2203 2571 2298 2642 qui
2332 2569 2383 2620 iu

330 2842 401 2898 39

330 3019 400 3075 40

451 2660 665 2715 ardore
707 2674 925 2734 pugnae
972 2675 1187 2731 corpus
1227 2662 1687 2729 sustentaverat,
1737 2660 1945 2731 liquit;
1987 2661 2285 2730 subitoque
2323 2670 2383 2711 ex
2453 2720 2454 2745 ἦ

453 2749 728 2805 omnibus
758 2749 1044 2804 memhris
1081 2748 1331 2819 profuso
1369 2749 1604 2819 sudore,
1638 2750 1871 2804 arboris
1900 2751 2183 2820 proximae
2221 2744 2384 2816 stipiti
2453 2812 2454 2817 η

453 2853 518 2894 se
549 2838 848 2910 applicuit.
874 2838 1116 2907 Deinde,
1140 2854 1211 2892 ne
1240 2838 1344 2892 illo
1369 2838 1604 2908 quidem
1630 2838 1983 2893 adminiculo
1998 2838 2037 2866 ¹⁷
2058 2837 2380 2898 sustinente,

452 2926 727 2981 manibus
765 2927 926 3000 regis
968 2931 1250 2997 exceptus
1293 2929 1405 2992 est,
1452 2926 1610 2981 inter
1646 2942 1794 2997 quas
1842 2926 2136 2997 collapsus
2183 2924 2383 2980 exstin-

452 3015 674 3086 guitur.
713 3015 982 3070 Maestum
1028 3030 1229 3087 regem
1275 3015 1428 3069 alius
1466 3013 1621 3069 haud
1672 3014 1825 3069 levis
1874 3015 2042 3069 dolor
2085 3013 2306 3084 excepit
2330 3008 2377 3061 ¹⁸.

500 3200 572 3245 23.
616 3200 895 3253 Coqnationis
926 3212 1103 3245 comme
1133 3205 1430 3256 conviatorum,
1452 3198 1681 3245 l'abstrait
1702 3208 1819 3255 pour
1839 3201 1884 3246 le
1914 3204 2114 3246 conaret.

500 3263 574 3307 24.
608 3261 786 3317 Equite,
812 3276 871 3307 au
901 3264 1131 3318 singulier
1158 3263 1382 3308 collectis.
1411 3265 1482 3308 Cf.
1504 3266 1577 3317 111,
1598 3276 1633 3319 1,
1659 3268 1772 3308 note
1802 3265 1851 3310 3.

501 3326 574 3369 25.
611 3324 747 3381 Quod,
775 3325 1059 3370 c'est-a-dire
1098 3327 1164 3370 ita
1192 3330 1241 3370 ut
1275 3326 1370 3371 Ιιοο.
1399 3328 1459 3370 La
1487 3326 1783 3382 conionction
1814 3326 1866 3371 ut
1897 3324 2116 3384 comprise
2142 3322 2255 3368 dans
2283 3318 2375 3378 quod

450 3386 611 3431 amens
630 3386 989 3430 naturellement
1015 3388 1062 3433 le
1082 3386 1357 3443 subjonctir.

500 3454 576 3494 26.
613 3448 735 3499 Cum,
768 3448 992 3503 quoique.

502 3510 573 3552 27.
601 3508 897 3555 Adminiculo.
923 3510 1009 3562 cn,
1038 3522 1118 3554 sur
1146 3522 1201 3555 ce
1229 3514 1341 3565 mot,
1361 3514 1452 3564 vn,
1473 3522 1546 3564 ιιι,
1570 3518 1680 3558 note
1698 3514 1771 3559 Π.

502 3570 575 3615 28.
614 3569 744 3614 Dolor
764 3578 906 3622 recem
927 3570 1103 3624 excepit
1129 3571 1439 3626 n’appartient
1465 3586 1550 3631 pas
1579 3575 1606 3619 a
1634 3572 1677 3620 la
1697 3582 1834 3631 prose
1861 3574 2099 3628 classique.
