2517 3975
646 248 1040 288 msa-omnum
1075 248 1431 301 ammom,
1469 250 1529 299 x,
1570 252 1633 286 11.
2021 233 2124 289 363

152 360 291 414 Hoc
309 359 470 414 cultu
491 359 749 414 nitentes
767 374 878 412 vos
899 356 1116 426 accepi,
1138 360 1196 410 et
1214 374 1251 409 n
1276 356 1487 411 talenta
1501 358 1524 378 *
1545 358 1686 412 aeris
1713 358 1914 425 alieni,
1937 360 2126 413 cum³⁴
2181 360 2256 414 24
2278 359 2287 366 ’

151 448 356 504 omnis
385 446 548 519 regia
576 447 846 518 supellex
878 443 1035 500 haud
1070 446 1328 515 amplius
1368 462 1544 519 quam
1571 464 1648 501 nx
1677 448 2085 504 talentorum⁸⁸
2104 449 2125 469 ‘¹

151 538 341 591 esset.
373 534 524 590 Ecce
552 550 817 590 meorum
850 549 1097 604 operum
1140 532 1553 588 fundamental
1588 535 1807 606 quibus
1832 522 2029 591 tamen
2056 567 2128 578 —-

148 624 314 681 absit
343 624 567 678 invidia
585 625 627 651 ⁸⁸
652 654 724 663 -
749 623 1064 693 imperium
1094 622 1369 677 maximae
1398 626 1694 678 terrarum
1714 626 1901 693 partis
1929 626 2125 697 impo-

149 713 330 769 sui³‘¹.
363 712 598 768 Asiaene
626 715 949 783 pertaesum
989 714 1099 776 est,
1143 727 1277 782 quae
1307 727 1421 767 vos
1465 712 1658 783 gloria
1686 729 1887 768 rerum
1925 719 2127 786 gesta·
2186 714 2257 768 25

146 818 288 859 rum
318 803 412 857 dis
437 817 615 873 pares
643 800 828 857 fecit?
866 799 932 854 In
963 799 1263 869 Europam
1309 800 1397 854 ire
1441 802 1798 871 properatis,
1831 817 1979 872 rege
2026 804 2127 859 de-

148 894 340 955 serto,
371 906 505 946 cum
532 889 803 960 pluribus
832 892 1101 943 vestrum
1130 888 1468 947 defuturum
1511 890 1789 946 viaticum
1833 890 2032 961 fuerit¹
2064 899 2127 954 ni

148 997 239 1038 aes
266 980 527 1035 alienum
544 979 586 1007 ³⁸
612 978 873 1047 luissem,
903 993 1115 1047 nempe
1143 978 1209 1031 in
1250 978 1513 1034 Asiatica
1548 979 1748 1049 praeda
1768 979 1829 1038 ⁸⁹.
1861 980 1984 1035 Nec
2008 995 2126 1051 pu·
2182 979 2252 1034 26

148 1068 272 1138 det,
304 1066 597 1138 profundo
626 1069 840 1122 ventre
869 1066 1236 1120 devictarum
1258 1067 1528 1136 gentium
1573 1067 1772 1138 spolia
1816 1068 2129 1124 circumfe-

147 1159 379 1222 rentes,
411 1155 635 1210 reverti
662 1154 817 1209 velle
841 1154 913 1207 ad
941 1152 1168 1208 liberos
1213 1153 1643 1226 conjugesque‚
1696 1155 1916 1226 quibus
1957 1158 2129 1228 pauci

147 1245 400 1318 praemia
424 1244 689 1300 victoriae
725 1243 979 1314 potestis
1028 1242 1380 1298 ostendere:
1416 1259 1552 1298 nam
1593 1246 1946 1313 ceterorum,
1990 1246 2128 1302 dum

148 1335 328 1390 etiam
356 1333 486 1403 spei
512 1336 733 1388 vestrae
772 1331 1011 1387 obviam
1041 1330 1193 1397 istis,
1228 1347 1393 1386 arma
1423 1346 1661 1404 quoque
1689 1334 1933 1405 pignori
1963 1339 2124 1391 sunt.

147 1423 336 1478 Bonis
362 1437 504 1476 vero
532 1420 823 1475 militibus
852 1419 1152 1475 cariturus
1181 1435 1317 1474 sum
1328 1420 1389 1491 ⁴⁰,
1421 1420 1641 1490 quibus
1671 1420 1786 1476 hoc
1827 1424 2025 1479 selum
2052 1441 2127 1482 ex
2182 1426 2251 1479 27

144 1512 331 1570 tantis
370 1511 585 1581 opibus
614 1513 907 1579 superest,
937 1509 1001 1563 in
1046 1509 1207 1581 quod
1247 1509 1605 1579 impenditur
1622 1509 1686 1563 ⁴¹.
1721 1511 1979 1567 Proinde
2027 1513 2124 1568 fu-

143 1601 456 1676 gientibus
484 1615 579 1654 me
600 1600 838 1669 pateant
867 1597 1123 1653 limites:
1157 1598 1434 1653 facessite
1465 1596 1605 1654 hinc
1635 1600 1825 1669 ocius,
1857 1616 1967 1672 ego
1993 1617 2125 1656 cum

143 1691 362 1747 Persis
393 1687 738 1743 abeuntium
765 1690 937 1756 terga
987 1686 1246 1742 tutabor.
1277 1686 1590 1742 Neminem
1636 1690 1845 1744 teneo:
1877 1688 2125 1746 liberate

146 1779 362 1836 oculos
386 1792 569 1845 meos,
606 1774 1000 1848 ingratissimi
1047 1776 1214 1831 cives
1230 1776 1293 1831 ⁴².
1337 1775 1482 1832 Laeti
1527 1793 1640 1832 vos
1686 1777 1980 1847 excipient
2015 1793 2123 1849 pa-
2178 1781 2247 1836 28

143 1871 353 1925 rentes
382 1866 693 1936 liberique,
735 1865 869 1919 sine
896 1867 1098 1920 vestro
1128 1880 1272 1937 rege
1301 1865 1656 1931 redeuntes;
1688 1866 1925 1922 obviam
1955 1867 2124 1923 ibunt

144 1956 562 2016 desertoribus
589 1952 1070 2026 transfugisquel
1104 1953 1508 2026 Triumphabo
1529 1954 1867 2012 mehercule
1888 1957 1960 2013 de
1980 1956 2124 2029 fuga
2178 1961 2246 2016 29

142 2051 377 2115 vestra,
400 2049 476 2115 et,
501 2045 860 2114 ubicumque
888 2060 1012 2114 erc,
1036 2047 1309 2114 expetam
1337 2060 1568 2114 poenaS‚
1591 2045 1724 2116 hos,
1745 2062 1879 2101 cum
1910 2045 2123 2116 quibus

143 2153 242 2192 me
267 2134 641 2208 relinquitis,
690 2133 936 2188 colendo
978 2131 1469 2204 praeferendoque
1514 2134 1704 2190 vobis.
1752 2134 1884 2189 Jam
1927 2139 2124 2190 autem

143 2227 360 2285 scietis
385 2227 443 2279 et
470 2225 753 2295 quantum
782 2222 915 2277 sine
942 2236 1090 2292 rege
1121 2222 1315 2278 valeat
1343 2222 1663 2293 exercitus,
1697 2226 1754 2279 et
1803 2223 1946 2294 quid
1988 2223 2124 2293 opis

141 2316 207 2371 in
236 2328 336 2368 me
363 2328 482 2367 uno
513 2312 612 2366 sit.
651 2334 673 2360 n

215 2402 475 2458 Desiluit
503 2400 714 2456 deinde
741 2398 1024 2454 frendens
1047 2399 1121 2454 de
1149 2400 1454 2469 tribunali,
1481 2404 1538 2455 et
1566 2401 1629 2457 in
1659 2400 1916 2457 medium
1934 2418 2125 2457 arma·
2179 2408 2248 2462 30

139 2497 344 2550 torum
380 2505 593 2563 agmen
633 2505 701 2544 se
738 2488 1003 2555 immisit,
1036 2491 1270 2543 notatos
1310 2505 1564 2560 quoque,
1605 2492 1710 2562 qui
1752 2490 2124 2549 ferocissime

143 2580 408 2640 oblocuti
452 2581 639 2645 erant,
680 2577 958 2648 singulos
1004 2592 1184 2632 manu
1229 2577 1536 2648 corripuit,
1581 2595 1689 2634 nec
1731 2594 1912 2635 ausos
1947 2595 2122 2650 repu-

141 2685 343 2745 gnare
369 2685 477 2724 xm
514 2665 915 2724 asservandos
943 2666 1292 2722 custodibus
1321 2667 1595 2738 corporis
1627 2668 1883 2725 tradidit.

193 2843 271 2886 3⁴.
302 2839 409 2883 Cum
436 2836 660 2892 temporel
683 2846 799 2881 avec
824 2836 868 2879 le
898 2834 1163 2889 subjonctit.
1195 2836 1270 2883 cf.
1304 2839 1379 2888 ΠΙ.
1403 2847 1464 2889 iv,
1489 2842 1598 2882 note
1624 2841 1670 2882 3.

192 2907 268 2947 35.
304 2901 595 2946 Talentorum.
628 2894 798 2951 Quinte
821 2901 967 2942 curce
987 2897 1139 2941 donne
1167 2896 1519 2954 generalement
1546 2898 1590 2943 le
1619 2899 1790 2956 genitis
1802 2898 2038 2947 talentum.

193 2965 273 3010 36.
305 2961 435 3007 Absit
453 2960 639 3006 invidiaa
668 2960 899 3005 Entendez
927 2960 1045 3004 absit
1074 2959 1249 3006 inuidia
1281 2960 1394 3005 meis
1424 2961 1588 3006 verbis.

193 3032 268 3073 37.
298 3024 501 3082 Imm-wi,
524 3032 703 3068 comme
728 3023 1029 3078 διαμενεῖν-τιεί.

193 3093 274 3134 38.
307 3088 384 3135 AEe
411 3088 624 3141 alienum,
648 3087 720 3129 les
750 3085 919 3129 dettes.

195 3156 272 3197 39.
307 3150 464 3205 Nempe
500 3148 547 3192 in
584 3148 789 3192 Asiatica
818 3147 988 3202 praeda,
1024 3152 1073 3193 et
1101 3148 1202 3193 cela
1239 3158 1300 3192 au
1331 3147 1493 3192 milieu
1528 3146 1594 3194 du
1618 3146 1754 3195 butin
1788 3150 1875 3196 tait
1903 3162 1964 3197 en
1989 3154 2115 3200 Asila-

138 3218 270 3259 Vous
299 3224 414 3258 avez
443 3212 524 3254 des
551 3210 722 3261 detteS,
752 3210 907 3264 quand
930 3222 1048 3254 vous
1078 3222 1188 3255 avez
1218 3210 1305 3254 fait
1332 3211 1394 3254 du
1422 3211 1570 3255 butin.

196 3280 266 3320 40.
300 3274 557 3319 Gau-iturus.
586 3272 678 3324 CL,
707 3282 788 3315 sur
814 3283 867 3316 ce
900 3277 1029 3323 mot„
1059 3277 1108 3325 V,
1142 3284 1182 3327 v,
1205 3278 1310 3316 note
1329 3277 1402 3317 ³33
1852 3329 1856 3333 ⁴

194 3344 268 3385 u.
298 3339 390 3382 Hoc
413 3336 462 3380 in
493 3335 604 3391 quod
628 3333 915 3390 impenditur,
939 3346 994 3379 ce
1021 3336 1245 3392 pourquoi
1273 3335 1473 3391 l'argent
1489 3348 1540 3381 se
1568 3335 1791 3394 depellam
1820 3339 2117 3386 c’est-ioe-dire

139 3404 213 3449 les
247 3401 393 3445 vices.

192 3470 270 3510 42.
308 3463 451 3506 Cives.
496 3460 666 3513 Quinte
694 3462 842 3507 curce
872 3460 1004 3504 imita
1044 3459 1107 3503 ici
1135 3459 1293 3505 cesar.
1341 3464 1428 3506 Les
1455 3461 1631 3507 soldats
1677 3462 1735 3507 de
1771 3462 1820 3507 la
1861 3469 1932 3509 ωε
1960 3460 2115 3517 legion

137 3527 312 3572 s'etant
338 3522 550 3574 revolteS,
576 3523 609 3565 il
632 3521 761 3566 suffit
783 3522 810 3565 a
837 3522 979 3567 Cesar
1000 3524 1057 3567 de
1087 3524 1156 3567 les
1186 3524 1377 3579 appeler
1408 3524 1605 3577 Quirites
1630 3530 1750 3580 pour
1772 3525 2114 3581 changerleurs

136 3588 447 3646 dispositione
474 3590 523 3630 et
550 3585 720 3629 calmer
748 3584 849 3629 leur
872 3584 1217 3632 effervescentis
1245 3586 1480 3643 (Suetonffi
1509 3588 1672 3645 Caesar,
1695 3589 1787 3644 ⁷⁰).
