2517 3975
226 514 296 576 25

227 875 297 930 26

355 221 462 276 110
1119 235 1173 280 Q.
1214 234 1387 274 cen-n
1423 235 1564 274 nun

353 343 545 400 Medis
574 343 878 414 Lydisque
914 343 1231 413 imperium
1266 344 1496 414 primus
1524 344 1590 398 in
1617 341 1924 398 Persidem
1948 344 2172 416 intulit,
2198 347 2340 402 vin-

352 434 541 490 dicate
589 433 662 487 ab
710 432 919 486 ultimo
965 431 1250 488 dedecore
1303 449 1522 487 nomen
1568 439 1918 504 gentemque
1967 434 2331 496 Persarum.

353 522 437 577 Ite
465 521 694 576 alacres
730 524 790 576 et
825 521 1071 591 spiritus
1106 521 1282 592 pleni,
1315 524 1402 590 ut,
1432 537 1608 592 quam
1645 522 1898 592 gloriam
1934 525 2256 594 accepistis
2296 543 2336 582 a

351 609 682 682 majoribus
724 611 981 678 vestriS,
1015 610 1280 680 posteris
1313 610 1684 682 relinquatis.
1725 611 1790 665 In
1830 612 2054 666 dextris
2097 617 2340 670 vestris

346 699 470 772 jam
500 698 849 765 libertatem,
882 714 1075 769 opem,
1100 714 1270 769 spem
1299 697 1484 754 futuri
1513 699 1801 769 temporis
1832 700 2066 772 geritis.
2095 700 2338 775 Effugit

351 789 637 855 mortem,
685 786 959 857 quisquis
1014 787 1433 856 contempserit
1476 804 1496 842 ε
1538 787 1983 842 timidissimum
2026 806 2333 861 quemque

353 875 765 946 consequitur.
813 873 948 943 lpse
993 889 1116 928 non
1160 875 1354 944 patrio
1401 889 1568 929 more
1615 875 1831 944 solum,
1884 877 1990 931 sed
2036 877 2214 932 etiam
2267 884 2335 935 ut

353 964 625 1034 conspici
652 962 905 1033 possim,
938 978 1115 1017 curru
1143 961 1352 1031 vehor,
1401 978 1512 1018 nee
1549 979 1762 1019 recuso
1802 981 1919 1036 quo
1949 965 2151 1020 minus
2182 967 2333 1022 imi-

353 1052 563 1108 temini
591 1066 709 1120 mc,
743 1051 874 1106 sive
905 1049 1278 1105 fortitudinis
1295 1050 1632 1122 exemplum
1651 1051 1775 1109 sive
1795 1053 2053 1124 ignaviae
2078 1054 2282 1111 fuero.
2303 1081 2328 1105 n

1132 1317 1382 1374 CAPUT
1432 1317 1541 1373 XV

985 1476 1270 1526 Bataille
1315 1464 1684 1527 'd’Arbeles-

1108 1617 1202 1673 (1⁸¹
1227 1617 1416 1662 octobre
1443 1617 1519 1662 331
1530 1617 1566 1672 .)

425 1786 666 1842 Interim
697 1787 1089 1859 Alexander¹,
1123 1791 1186 1842 ut
1215 1792 1272 1843 et
1305 1789 1773 1843 demonstratum
1802 1803 1835 1842 a
1867 1786 2135 1859 tranfuga
2173 1786 2327 1842 insi-

353 1875 586 1930 diarum
613 1877 805 1931 locum
838 1876 1194 1946 circumiret,
1227 1880 1285 1933 et
1313 1878 1514 1945 Dario,
1557 1878 1658 1948 qui
1688 1893 1871 1931 cornu
1900 1876 2189 1945 tuebatur,
2225 1893 2326 1930 oc—

359 1970 644 2037 curreret,
677 1981 891 2038 agmen
923 1967 1229 2039 obliquum
1278 1967 1549 2025 incedere
1587 1966 1781 2039 jubet.
1831 1965 2047 2021 Darius
2086 1980 2322 2039 quoque

357 2058 563 2111 eodem
594 2073 767 2111 suum
798 2057 1073 2123 obvertit,
1112 2057 1300 2112 Besso
1339 2057 1638 2112 admonito
1667 2060 1730 2111 ut
1759 2056 2132 2127 Massagetas
2162 2057 2325 2126 equi-

355 2149 449 2201 tes
477 2145 538 2199 in
567 2145 783 2199 laevum
814 2144 1132 2199 Alexandri
1165 2160 1354 2199 cornu
1383 2160 1417 2198 a
1448 2144 1624 2199 latere
1653 2143 1854 2199 invehi
1885 2143 2145 2215 juberet.
2187 2143 2324 2213 Ipse

356 2237 490 2289 ante
522 2250 588 2289 se
619 2233 864 2288 falcatos
896 2233 1146 2288 currus²
1176 2233 1449 2302 habebat,
1477 2250 1645 2304 quoS‚
1681 2234 1858 2304 signo
1889 2232 2046 2297 dam,
2075 2233 2323 2286 univer-

355 2339 463 2379 sos
491 2323 554 2377 in
582 2324 812 2377 hostem
839 2320 1063 2375 effudit.
1098 2322 1374 2378 Ruebant
1402 2322 1618 2376 laxatis
1649 2321 1895 2376 habenis
1923 2322 2175 2392 aurigae,
2205 2336 2322 2391 quo

355 2413 582 2482 plureS‚
606 2411 868 2466 noudum
889 2411 1034 2464 satis
1054 2411 1300 2480 proviso
1322 2410 1566 2481 impetu,
1593 2411 1948 2465 obtererent.
1973 2408 2145 2463 Alios
2176 2424 2324 2481 ergo

358 2498 543 2553 hastae
565 2499 584 2520 *
611 2500 855 2553 multum
883 2498 1038 2551 ultra
1079 2502 1368 2552 temonem
1400 2499 1744 2567 eminenteS,
1778 2499 1930 2552 alios
1963 2499 2035 2552 ab
2070 2502 2323 2568 utroque

357 2586 541 2641 latere
587 2587 863 2643 demissae
912 2586 1093 2642 falces
1141 2587 1497 2642 laceravere.
1532 2588 1654 2641 Nec
1693 2588 1919 2641 sensim
1965 2588 2324 2644 Macedones

360 2673 664 2742 cedebant,
697 2676 802 2730 sed
835 2674 1026 2731 effusa
1059 2675 1203 2746 fuga
1229 2676 1611 2731 turbaverant
1640 2675 1903 2730 ordineS.

430 2762 684 2817 Mazaeus
713 2780 945 2834 quoque
972 2765 1267 2835 perculsis
1298 2768 1514 2819 metum
1543 2764 1814 2829 incussit,
1838 2765 1995 2818 mille
2024 2766 2325 2835 equitibus

362 2850 434 2905 ad
465 2850 795 2922 diripienda
826 2852 1016 2908 hostis
1055 2853 1469 2924 impedimenta
1509 2852 1870 2906 circumvehi
1896 2852 2106 2923 jussis,
2138 2863 2326 2924 rame,

361 2940 634 3012 captivos
663 2957 918 3012 quoque,
950 2942 1051 3015 qui
1076 2942 1254 2997 simul
1284 2941 1763 3008 asservabantur,
1787 2944 2070 3010 rupturos
2093 2941 2327 2997 vincula

413 3121 506 3164 XV.
539 3138 597 3149 —
622 3118 662 3161 1.
692 3119 834 3172 Api-es
864 3120 992 3163 avoir
1030 3121 1171 3176 passe
1212 3123 1254 3165 lc
1296 3121 1448 3175 Tigre,
1478 3119 1665 3163 l'armee
1695 3119 2051 3163 macedonienne
2095 3129 2147 3162 se
2181 3119 2333 3175 dirige

360 3190 471 3225 vers
496 3179 541 3221 le
569 3181 643 3235 S.,
673 3190 812 3234 ayant
837 3183 881 3224 le
910 3182 1058 3226 sseuve
1090 3183 1117 3228 ὲ
1140 3196 1192 3228 sa
1221 3186 1382 3236 divite,
1412 3188 1459 3226 et
1488 3184 1555 3225 les
1583 3189 1859 3236 montagncs
1896 3183 1980 3225 des
2008 3181 2278 3235 Gordyecns
2307 3183 2332 3225 a

361 3252 415 3286 sa
443 3240 643 3296 gauche.
679 3244 798 3286 C'est
825 3244 941 3286 ainsi
971 3245 1139 3298 qu'elle
1174 3247 1324 3289 arrive
1358 3257 1417 3289 au
1446 3245 1635 3298 plateau
1663 3244 1719 3287 de
1750 3243 2028 3298 Gaugamele
2058 3240 2121 3287 ou
2149 3242 2334 3288 l’atten-

361 3302 458 3348 dait
476 3302 660 3348 Darius.
692 3304 814 3348 C'est
830 3316 891 3349 en
919 3307 1033 3350 effct
1062 3306 1091 3350 a
1118 3308 1411 3361 Gaugamele,
1441 3318 1501 3350 au
1521 3305 1636 3349 nord
1651 3305 1711 3349 du
1737 3310 1890 3360 Lycus
1919 3304 2082 3358 (grand
2107 3306 2218 3360 zeb)
2241 3317 2332 3361 que

358 3365 430 3410 fut
458 3365 606 3409 livree
631 3366 680 3409 la
710 3366 894 3410 bataille
922 3368 1018 3412 dite
1044 3369 1300 3413 d’Arbeles.
1336 3369 1525 3412 Arbeles
1547 3373 1616 3410 est
1662 3369 1718 3411 de
1748 3368 1910 3414 l'autre
1938 3365 2041 3410 cote
2068 3367 2130 3411 du
2159 3371 2332 3421 Lycus,

359 3427 387 3471 ὲ
414 3438 508 3471 une
537 3439 668 3471 assez
694 3429 864 3482 grande
886 3429 1096 3473 distance
1115 3432 1171 3475 de
1191 3430 1254 3473 la.
1282 3434 1340 3473 La
1373 3431 1564 3474 bataille
1581 3430 1650 3472 sut
1678 3430 1818 3473 livree
1841 3430 1885 3472 le
1918 3434 1986 3471 ier
2015 3430 2206 3474 octobre
2225 3431 2330 3473 331.

410 3494 457 3532 2.
496 3489 676 3533 Currus.
706 3495 793 3534 Les
821 3489 961 3533 obers
998 3489 1110 3537 dont
1136 3491 1170 3536 il
1207 3504 1232 3536 a
1268 3492 1340 3537 e'tc
1375 3492 1603 3548 question,
1646 3494 1718 3549 lv,
1747 3503 1834 3548 xn,
1875 3492 1918 3544 6,
1953 3496 1998 3534 ct
2040 3501 2134 3546 que
2164 3492 2337 3545 Quinte

359 3553 509 3598 curce
535 3564 561 3595 a
588 3551 777 3607 decritS,
801 3553 871 3607 lv,
902 3563 970 3607 ix,
997 3552 1038 3597 5.
