2517 3975
366 262 435 316 90
781 327 784 330 ⁴
1129 279 1183 324 Q.
1226 279 1396 318 cnn’rx
1433 279 1570 318 nur-1

241 391 313 444 24
369 387 676 442 admodum
707 389 936 459 equites
967 389 1354 457 praemiserat.
1387 388 1647 453 Quorum
1674 387 1965 458 paucitate
2003 387 2344 441 Alexander

369 477 690 546 explorata,
720 478 933 532 deinde
959 481 1311 548 contempta,
1339 477 1685 548 praefectum
1722 477 2057 531 Paeonum⁸⁰
2086 478 2345 548 equitum

244 570 312 622 25
369 567 647 621 Aristona
688 568 898 620 laxatis
930 566 1180 622 habenis
1211 568 1417 622 invehi
1457 568 1656 639 jussit.
1690 567 1959 639 Insignis
2003 582 2071 622 eo
2104 568 2200 622 die
2241 584 2349 638 pu·

371 672 490 728 gna
519 656 780 727 equitum
809 660 866 711 et
893 656 1189 728 praecipue
1212 655 1514 710 Aristonis
1546 655 1653 709 fuit
1686 673 1701 711 ε
1742 655 2086 727 praefectum
2118 657 2347 726 equita-

371 750 467 798 tus
498 744 839 814 Persarum,
863 744 1232 815 Satropaten,
1255 743 1477 797 dirccta
1501 744 1563 796 in
1595 746 1799 816 guttur
1818 743 1986 798 hasta
2006 745 2027 764 *
2054 744 2347 811 tranfixit,

372 833 813 907 fugientemque
855 849 963 903 per
990 832 1222 887 medios
1254 833 1455 887 hostes
1493 837 1872 901 consecutus,
1905 849 1980 888 ex
2007 849 2160 903 equo
2193 851 2352 904 prae-

373 922 660 992 cipitavit,
689 924 745 975 et
788 921 1105 975 obluctanti
1134 921 1331 992 gladio
1354 920 1377 940 *
1405 924 1577 990 caput
1607 921 1877 991 dempsit,
1908 921 2063 993 quod
2098 922 2351 977 relatum

375 1025 591 1080 magna
617 1024 752 1063 cum
779 1008 948 1063 laude
979 1012 1110 1063 ante
1142 1009 1308 1080 regis
1336 1009 1521 1079 pedes
1550 1010 1772 1080 posuit.

1177 1284 1431 1341 CAPUT
1479 1285 1545 1340 X

613 1441 820 1518 E'lclipse
856 1455 918 1504 de
951 1455 1097 1505 lune.
1133 1479 1187 1490 -
1227 1456 1367 1504 Mort
1399 1455 1461 1503 de
1495 1453 1544 1502 la
1574 1455 1763 1502 femme
1799 1451 1863 1499 de
1898 1450 2111 1499 Darius·

1230 1589 1346 1650 (fite,
1373 1596 1500 1650 331.)

293 1787 320 1840 1
453 1771 638 1827 Biduo
682 1773 765 1827 ibi
804 1775 1015 1829 stativa
1046 1790 1153 1829 rex
1183 1773 1389 1829 habuit
1421 1791 1437 1832 t
1477 1775 1539 1849 in
1569 1775 1931 1844 proximum¹
1975 1772 2186 1826 deinde
2216 1786 2359 1841 pro-

289 1875 325 1928 2
383 1862 642 1916 nuntiari
674 1863 787 1917 iter
810 1863 1015 1934 jussit.
1043 1863 1184 1929 Sed,
1203 1864 1396 1933 prima
1425 1863 1552 1918 fere
1582 1862 1845 1934 vigilia*‚
1867 1864 2007 1917 luna
2036 1860 2355 1916 deficiens*

382 1951 635 2021 primum
665 1952 914 2007 nitorem
943 1953 1160 2008 sideris
1191 1955 1286 2008 sui
1321 1953 1609 2024 condidit;
1645 1953 1874 2019 deinde,
1900 1950 2218 2022 sanguinis
2248 1966 2355 2005 co-

381 2042 506 2094 lore
537 2040 790 2109 suffuso,
831 2042 1029 2096 lumen
1062 2058 1233 2097 omne
1281 2041 1547 2111 foedavit,
1578 2043 1970 2112 sollicitisque
2011 2040 2123 2094 sub
2154 2040 2358 2109 ipsum

382 2130 528 2185 tanti
566 2130 962 2185 discriminis8
999 2148 1206 2187 casum
1252 2132 1459 2202 ingens
1504 2131 1723 2202 religio
1768 2132 1825 2184 et
1865 2145 1940 2184 ex
1987 2145 2055 2183 ea
2095 2128 2358 2182 formido

290 2231 326 2284 3
383 2218 651 2288 quaedam
681 2219 920 2273 incussa
953 2223 1059 2273 est.
1099 2242 1121 2266 «
1150 2220 1253 2273 Dis
1286 2220 1494 2272 invitis
1523 2219 1585 2272 in
1615 2219 1852 2272 ultimas
1882 2221 2077 2272 terras
2101 2217 2259 2270 trahi
2289 2233 2355 2271 se

383 2307 779 2377 querebantur
811 2325 822 2361 :
851 2309 972 2378 jam
1010 2325 1120 2362 nec
1150 2308 1388 2362 flumina
1418 2324 1596 2377 posse
1627 2308 1791 2372 adiri,
1822 2323 1931 2362 nec
1972 2307 2173 2361 sidera
2201 2307 2365 2376 pris-

380 2396 569 2451 tinum
597 2411 842 2451 servare
871 2396 1179 2469 fulgorem,
1210 2399 1413 2449 vastas
1442 2399 1658 2461 terras
1683 2396 1915 2451 deserta
1940 2395 2139 2450 omnia
2159 2410 2362 2449 occur-

379 2499 516 2539 rere
551 2500 563 2538 ε
597 2485 657 2538 in
685 2487 863 2540 unius
896 2485 1156 2540 hominis
1182 2485 1571 2556 jactationem
1599 2488 1684 2540 tot
1716 2484 1965 2538 millium
1998 2484 2362 2555 sanguinem

388 2576 637 2640 implum
693 2596 701 2624 :
756 2574 991 2629 fastidio
1050 2575 1215 2628 esse‘
1261 2574 1530 2644 patriam,
1580 2574 1838 2628 abdicari
1872 2574 2212 2643 Philippum
2260 2588 2365 2643 pa-

388 2668 553 2720 trem„
589 2664 791 2715 ava-lum
817 2665 992 2717 vanis
1023 2663 1485 2735 cogitationibus
1517 2665 1741 2733 petere.
1780 2686 1801 2711 υ

300 2760 324 2813 l
461 2752 585 2801 ulffln
622 2767 798 2820 nimpe
830 2752 1178 2807 seditionem
1219 2767 1321 2805 res
1359 2757 1502 2819 erat,
1536 2767 1668 2805 cum
1702 2752 1774 2805 ad
1806 2752 2007 2805 omnia
2043 2750 2363 2805 interritus

388 2841 565 2893 linens
621 2842 1031 2911 principesque
1092 2841 1345 2894 militum
1402 2841 1744 2911 frequentes
1802 2841 2009 2894 adesse
2071 2842 2362 2911 praetorio

388 2929 593 3001 {juli-:ll
633 2929 1064 2999 ,ligyptiosque
1091 2930 1260 2983 vates
1279 2929 1319 2995 *,
1357 2944 1510 2998 quos
1540 2929 1668 2982 caeli
1708 2943 1775 2981 ac
1814 2929 2074 2982 siderum
2114 2928 2368 2998 peritis-

296 3025 333 3077 5
387 3018 575 3071 simos
620 3030 756 3071 esse
798 3018 1088 3085 credebat,
1126 3018 1269 3088 quid
1310 3018 1599 3072 sentirent
1646 3032 1992 3086 expromere
2036 3017 2239 3089 jubet.
2288 3020 2370 3071 At

439 3220 515 3266 36.
546 3223 609 3263 La
634 3219 800 3263 Peonie
829 3219 942 3264 etait
967 3232 1027 3264 au
1053 3222 1169 3265 nord
1198 3222 1255 3265 de
1284 3222 1331 3265 la
1359 3219 1636 3274 Macedoine‚
1660 3219 1897 3264 confluant
1926 3219 1953 3262 a
1982 3220 2177 3276 l'lllyrie
2198 3226 2248 3267 et
2268 3220 2295 3263 a
2322 3220 2370 3263 la

387 3284 581 3327 Thrace.

440 3348 495 3388 X.
529 3368 582 3377 —
610 3344 658 3388 1.
691 3343 740 3386 In
764 3345 1030 3399 prozimum,
1051 3345 1395 3389 sous-entendu
1424 3346 1558 3388 daem.

441 3408 490 3451 2.
522 3407 647 3451 Luna
665 3407 893 3463 deficiens.
927 3410 1058 3450 Cette
1088 3407 1264 3461 eclipse
1293 3413 1371 3452 eut
1396 3408 1488 3452 lieu
1519 3409 1632 3452 dans
1673 3410 1716 3451 la
1744 3409 1845 3451 nuit
1875 3407 1937 3451 du
1975 3408 2029 3452 20
2058 3415 2119 3452 au
2168 3411 2219 3453 21
2260 3418 2371 3463 sep·

390 3470 568 3514 nembro
596 3472 698 3516 331.

443 3536 489 3579 3.
524 3534 828 3578 Discrimim's.
864 3532 935 3576 Cr.
973 3534 1038 3581 lv,
1061 3542 1129 3585 rx,
1155 3539 1264 3576 note
1286 3534 1361 3580 33.

445 3596 491 3641 4.
525 3596 724 3639 Fastidio
744 3606 856 3646 esse,
887 3595 1225 3636 sous-emenda
1253 3595 1316 3638 ei.
