2517 3975
674 231 1062 271 ms‘ronumuu
1097 231 1433 270 Ansxmnm
1469 232 1549 281 w,
1590 233 1672 270 tx.
2055 215 2160 271 197

206 341 466 397 Philotas
505 338 669 394 solus
712 338 848 393 nihil
884 339 1117 407 timuit,
1157 339 1307 394 nihil
1344 340 1611 396 credidit.
1650 339 1699 397 O
1733 342 1941 413 magni
1977 341 2159 397 animi

202 429 420 484 virum!
455 428 571 482 Iste
599 426 763 499 regis
789 427 1045 498 periculo
1083 428 1582 496 commoveretur,
1623 428 1851 482 vultum
1885 432 2156 497 mutaret,

201 519 451 572 indicem
478 519 650 571 tantae
679 518 771 572 rei
800 516 1094 571 sollicitus
1123 516 1354 571 audiret
1377 513 1391 570 1
1422 515 1642 571 Subest
1667 517 1950 589 nimirum
1976 517 2158 573 silen-

201 607 276 662 tio
303 606 562 673 facinus,
594 609 654 660 et
683 605 854 660 avida
884 620 1026 675 spes
1055 606 1234 674 regni
1273 604 1636 674 praecipit-em
1673 606 1936 661 animum
1967 606 2037 660 ad
2066 606 2159 661 ul-

199 695 401 750 timum
440 693 608 749 nefas
639 693 891 765 impulit.
924 694 1098 749 Pater
1126 693 1336 748 Mediae
1363 695 1583 764 praeest
1610 712 1623 748 :
1654 695 1808 764 ipse,
1838 694 1993 765 apud
2010 695 2161 749 mul·

197 785 285 838 tos
312 784 617 854 copiarum
642 783 826 838 duces
855 784 1007 838 meis
1032 786 1373 854 praepotens
1410 782 1665 851 viribus,
1697 783 1948 855 maiora,
1967 776 2157 855 'quam

198 875 365 943 capit,
408 873 618 943 spirat.
658 871 896 928 Orbitas
934 887 1172 944 quoque
1207 887 1359 940 mea,
1382 871 1542 943 quod
1579 872 1710 927 sine
1748 872 1960 928 liberis
1998 889 2153 941 sum,

198 958 518 1031 spernitur.
574 960 691 1016 Sed
738 965 896 1016 errat
943 960 1226 1016 Philotas.
1280 961 1349 1015 In
1384 960 1562 1016 vobis
1599 961 1821 1018 liberos
1840 962 1902 1027 ¹⁰,
1940 976 2156 1032 paren-

194 1051 298 1121 tes,
338 1049 825 1122 consanguineos
862 1049 1051 1104 habeo
1092 1067 1107 1103 t
1153 1049 1334 1105 vohis
1374 1049 1585 1118 salvis,
1623 1050 1812 1106 orbus
1853 1065 1991 1113 esse
2035 1066 2155 1105 non

195 1154 515 1208 possum.»

257 1226 593 1298 Epistolam
621 1225 830 1281 deinde
852 1225 1271 1280 Parmenionis
1290 1225 1696 1297 interceptam,
1714 1227 1979 1297 quemad
1996 1225 2154 1282 filios

195 1314 551 1370 Nicanorem
580 1318 637 1369 et
664 1313 934 1368 Philotan
963 1313 1309 1384 scripserat,
1348 1314 1577 1380 recitat,
1617 1314 1776 1369 haud
1820 1330 1965 1369 sane
1993 1315 2155 1369 indi-

193 1404 342 1458 cium
402 1402 704 1474 gravioris
723 1404 761 1431 ¹⁴
819 1401 1050 1458 consilii
1092 1401 1536 1473 praeferentem.
1599 1403 1868 1473 Namque
1923 1419 2155 1459 summa

192 1492 320 1565 ejus
349 1494 482 1548 haec
511 1496 636 1547 erat
666 1507 681 1547 t
719 1511 746 1545 σε
776 1493 1042 1547 Primum
1075 1494 1266 1547 vestri
1303 1509 1505 1549 curam
1541 1495 1722 1564 agite,
1764 1493 1976 1548 deinde
2015 1510 2154 1549 ves-

191 1584 414 1637 trorum
446 1596 461 1635 t
494 1582 582 1636 sic
627 1581 806 1649 enim,
852 1598 983 1652 quae
1030 1581 1481 1652 destinavimuS,
1521 1581 1869 1637 efficiemus.
1902 1604 1926 1630 n
1968 1580 2150 1652 Adje-

194 1671 384 1742 citque
414 1686 526 1725 rex
554 1671 644 1724 sic
670 1658 809 1725 esse¹
833 1670 1115 1740 scriptam
1135 1669 1196 1738 ¹⁸,
1214 1672 1303 1741 ut,
1326 1671 1456 1725 sive
1478 1671 1551 1725 ad
1572 1671 1729 1725 filios
1749 1671 2148 1740 pervenisset,

192 1776 224 1813 a
264 1759 530 1816 consciis
586 1763 797 1831 posset
836 1759 1107 1830 intelligi,
1151 1760 1282 1813 sive
1326 1760 1653 1831 intercepta
1701 1762 1880 1827 esset,
1924 1759 2154 1815 falleret

190 1849 459 1922 ignaros.
502 1870 525 1897 α
557 1849 629 1902 At
656 1849 815 1903 enim
834 1848 875 1876 ¹³
902 1849 1188 1919 Dymnus,
1220 1864 1356 1903 cum
1391 1852 1628 1906 ceteros
1663 1850 1987 1921 participes
2015 1864 2151 1904 sce-

191 1936 326 1993 leris
347 1935 638 1992 indicaret
657 1936 717 2004 ¹⁸,
748 1935 1022 1992 Philotan
1043 1951 1158 1992 non
1179 1937 1505 1992 nominavit
1526 1936 1539 1994 !
1574 1938 1704 1993 Hoc
1724 1936 1960 2009 quidem
1988 1937 2149 1993 illius

189 2042 304 2081 non
327 2026 708 2095 innocentiae,
742 2026 847 2080 sed
875 2027 1151 2096 potentiae
1182 2026 1468 2081 indicium
1499 2027 1610 2095 est,
1651 2026 1805 2096 quod
1844 2027 1933 2081 sic
1969 2026 2041 2080 ab
2072 2026 2150 2082 iis

189 2116 426 2170 timetur
453 2115 646 2180 etiam,
677 2130 711 2169 a
739 2114 954 2184 quibus
980 2115 1152 2184 prodi
1188 2116 1401 2184 potest,
1442 2117 1523 2185 ut,
1563 2129 1700 2168 cum
1727 2113 1800 2169 de
1827 2130 1893 2169 se
1921 2115 2148 2170 fatean-

187 2205 278 2257 tur
298 2204 341 2232 ¹⁸
345 2203 565 2272 ,illum
590 2206 788 2257 tamen
826 2202 1035 2257 celent.
1076 2202 1351 2258 Ceterum
1389 2201 1664 2257 Philotan
1699 2202 1892 2274 ipsius
1929 2203 2150 2258 indicat

187 2293 323 2348 vita.
355 2292 472 2347 Hic
500 2293 766 2363 Amyntae
783 2291 846 2359 ¹⁸,
887 2289 988 2361 qui
1023 2290 1167 2345 mihi
1203 2291 1602 2364 consobrinus
1638 2291 1750 2347 fuit
1778 2292 1923 2347 etin
1951 2291 2148 2348 Mace-

186 2374 367 2436 donia
389 2381 569 2451 capiti
595 2396 726 2435 meo
755 2380 972 2453 impias
1000 2380 1368 2450 comparavit
1402 2379 1678 2445 insidias,
1719 2381 1950 2435 socium
1986 2396 2054 2437 se
2092 2384 2152 2437 et

187 2469 488 2525 conscium
526 2469 818 2542 adjunxit.
875 2469 988 2523 Hic
1031 2469 1251 2536 Attalo,
1302 2484 1418 2539 quo
1465 2469 1803 2540 graviorem
1843 2469 2149 2525 inimicum

186 2574 301 2613 non
329 2558 534 2626 habui,
565 2573 835 2614 sororem
864 2573 1033 2613 suam
1060 2559 1126 2613 in
1150 2557 1592 2613 matrimonium
1630 2557 1807 2613 dedit.
1850 2558 1981 2626 Hic,
2013 2574 2148 2615 cum

185 2649 569 2719 scripsissem
599 2648 657 2702 ei
683 2663 791 2718 pro
812 2646 952 2718 jure
978 2649 1100 2702 tam
1125 2645 1444 2701 familiaris
1471 2661 1621 2701 usus
1650 2649 1824 2717 atque
1852 2647 2144 2716 amicitiae,

182 2812 288 2857 nitit
319 2823 373 2857 se
406 2816 572 2858 trouve
602 2813 719 2858 dans
745 2813 843 2858 'rite
871 2814 998 2868 lave,
1027 2816 1152 2869 xml,
1178 2818 1229 2858 2.
1275 2814 1385 2857 Mais
1415 2813 1596 2868 l’ussge
1624 2813 1862 2869 classique
1893 2819 1967 2859 est
1993 2814 2147 2869 plutot

183 2875 467 2932 ‹l'employer
512 2874 633 2931 quin.
673 2875 800 2919 Nilei!
839 2875 1059 2931 dilaturi,
1106 2875 1211 2931 quin
1249 2875 1500 2931 periculum
1544 2887 1719 2921 eummae
1753 2888 1902 2921 rerum
1947 2879 2146 2933 facerent

185 2936 253 2993 (Τ.
280 2938 412 2991 Lim,
442 2937 515 2992 v1,
544 2939 636 2992 ΞΩ).

234 3004 305 3045 1ο.
338 2999 391 3043 In
416 3000 539 3045 vobis
567 3000 733 3045 liberos
752 2999 886 3045 habeo
905 3001 1028 3045 n·est
1055 3009 1141 3055 pas
1161 2999 1423 3055 classique.

230 3067 306 3108 11.
345 3060 596 3117 Graviora,
620 3074 686 3106 un
726 3073 821 3116 peu
860 3073 1028 3118 grave.
1068 3061 1354 3119 comparatis
1390 3068 1631 3119 mai-quant
1656 3074 1723 3109 un
1751 3063 1896 3120 degre
1925 3064 2147 3112 excessit.

183 3123 250 3168 Cf.
283 3127 358 3176 IV,
375 3134 437 3181 ιι,
462 3130 572 3169 note
598 3130 673 3170 11.

230 3191 304 3231 12.
341 3184 449 3231 Esse
470 3186 704 3242 scriptam,
731 3187 899 3243 ellipse
927 3186 990 3232 du
1009 3187 1135 3242 sujet
1153 3198 1249 3232 eam
1277 3186 1530 3242 epistolam.

230 3252 306 3294 13.
343 3249 403 3292 At
429 3250 564 3303 enim,
591 3248 790 3293 formale
818 3251 1114 3305 d'objection.
1138 3265 1165 3290 α
1191 3248 1322 3305 usis,
1349 3249 1467 3294 dira·
1467 3255 1619 3300 t-on..

230 3314 304 3353 14.
344 3280 701 3355 Cumindi’carel.
722 3310 826 3355 Cum
853 3312 1569 3366 temporelaveclesubjonctir.
1603 3314 1847 3370 cr.111,1v,
1874 3318 1985 3358 note
2010 3320 2057 3360 3.

233 3378 304 3417 15.
341 3370 444 3415 Cum
468 3373 711 3427 fateantur,
740 3372 787 3416 le
818 3373 1086 3430 cubionctir,
1102 3373 1148 3417 la
1177 3374 1460 3430 proposition
1487 3374 1749 3431 dependant
1770 3375 1813 3420 d'
1815 3387 1906 3419 une
1936 3378 2143 3430 proposi-

182 3433 276 3477 tion
303 3444 368 3476 au
390 3423 660 3490 subjunctis.
685 3435 750 3479 Cf.
782 3438 925 3488 111,11,
952 3441 1061 3480 note
1083 3440 1155 3480 27.

232 3500 305 3539 16.
338 3494 552 3551 Amyntae,
580 3494 660 3541 fils
687 3496 747 3542 de
774 3497 1030 3548 Perdiccas,
1044 3498 1166 3543 frere
1185 3498 1290 3543 atne
1301 3499 1360 3545 de
1383 3499 1742 3555 Philippe,etait
1756 3510 1844 3553 per
1855 3496 2139 3551 consequent

183 3556 227 3600 le
249 3555 416 3601 cousin
441 3560 649 3614 germain
675 3557 1001 3602 dWAlexandre

2214 347 2285 402 10

2214 523 2275 578 11

2210 879 2282 935 12

2208 1233 2278 1289 13

2209 1412 2277 1467 14

2206 1589 2274 1645 15

2204 1855 2273 1911 16

2200 2209 2273 2264 17

2203 2564 2273 2621 18
