2517 3975
274 549 344 605 19

267 906 339 962 20

265 1172 331 1227 21

262 1349 334 1405 22

259 1796 330 1850 23

255 2070 326 2126 24

251 2247 322 2303 25

249 2512 321 2567 26

247 2689 316 2745 27

403 235 510 292 316
1158 251 1213 295 Q.
1254 251 1423 289 onan
1460 251 1596 290 amu

399 375 615 425 rorem,
646 359 930 412 invictum
970 358 1296 413 exercitum
1345 362 1401 412 et
1448 358 1695 413 deorum
1736 357 2005 428 profecto
2046 357 2341 412 advenisse

399 451 814 503 memorantes,

469 545 822 612 Alexander,
844 546 918 600 ad
935 544 1285 602 vastandam
1306 561 1432 599 eam
1453 545 1763 617 regionem
1789 545 2076 602 Perdicca
2107 560 2232 598 cum
2258 560 2343 598 ex-

395 634 585 708 pedita
604 650 785 690 manu
813 634 1019 703 misso,
1050 638 1275 704 partem
1316 635 1620 704 copiarum
1648 634 1898 688 Eumeni
1925 633 2186 698 tradidit,
2213 636 2270 687 ut
2293 633 2340 685 is

393 739 625 793 quoque
664 722 959 778 barbaros
1005 724 1075 777 ad
1105 723 1464 777 deditionem
1497 722 1870 792 compelleret
1901 739 1915 775 ι
1959 724 2092 792 ipse
2131 727 2338 776 ceteros

394 813 467 867 ad
514 813 723 867 urbem
758 810 1035 881 validam,
1084 812 1144 865 in
1192 828 1366 882 quam
1413 811 1659 866 aliarum
1687 826 1924 882 quoque
1972 810 2338 883 confugerant

392 902 621 971 incolae,
656 901 842 955 duxit.
890 899 1210 970 Oppidani,
1242 900 1451 954 missis
1495 899 1591 971 qui
1631 916 1832 972 regem
1875 901 2335 970 deprecarentur,

391 990 576 1045 nihilo
608 989 807 1043 minus
838 987 1053 1042 bellum
1081 989 1388 1058 parabant.
1436 988 1663 1059 Quippe
1710 993 1838 1043 orta
1890 990 2104 1043 seditio
2152 990 2211 1040 in
2258 988 2338 1041 di-

391 1094 564 1132 versa
621 1078 868 1132 consilia
910 1078 1215 1131 diduxerat
1260 1077 1512 1149 vulgum
1540 1078 1626 1131 ²⁹:
1665 1078 1768 1131 alii
1815 1079 2012 1132 omnia
2056 1077 2340 1133 deditione

388 1166 639 1236 potiora,
681 1165 915 1234 quidam
943 1164 1165 1218 nullam
1195 1180 1367 1234 opem
1397 1167 1461 1218 in
1490 1165 1642 1234 ipsis
1689 1181 1824 1219 esse
1863 1164 2176 1221 ducebant.
2210 1163 2335 1226 Sed,

389 1253 525 1307 dum
569 1252 715 1306 nihil
757 1254 817 1306 in
859 1269 1169 1308 commune
1209 1254 1572 1320 consulitur,
1607 1254 1709 1323 qui
1757 1253 2042 1307 deditioni
2088 1253 2340 1306 immine-

386 1340 595 1404 bantw,
627 1341 850 1411 apertis
889 1342 1099 1410 portis,
1132 1342 1365 1395 hostem
1408 1342 1719 1412 recipiunt.
1761 1340 2115 1408 Alexander,
2149 1356 2339 1409 quam-

387 1445 562 1500 quam
603 1429 744 1484 belli
783 1429 1178 1484 auctoribus⁸¹
1205 1430 1345 1502 jure
1374 1434 1608 1502 poterat
1644 1431 1840 1498 irasci,
1887 1434 2104 1494 tamen,
2156 1430 2337 1483 omni·

384 1520 498 1574 bus
527 1520 704 1574 venia
730 1519 880 1584 data,
911 1522 969 1573 et
1001 1519 1312 1573 obsidibus
1343 1520 1629 1589 acceptiS,
1664 1520 1727 1573 ad
1762 1520 2093 1591 proximam
2136 1518 2335 1573 deinde

383 1609 587 1663 urbem
616 1608 845 1663 castra*
866 1609 1069 1662 movit.
1091 1606 1344 1663 Obsides
1376 1608 1742 1663 ducebantur
1772 1612 1906 1662 ante
1937 1623 2164 1680 agmen.
2186 1606 2332 1671 Quos

384 1714 516 1752 cum
548 1714 621 1752 ex
650 1698 837 1751 muris
867 1698 1277 1768 agnovissent,
1315 1701 1509 1766 utpote
1538 1698 1736 1767 gentis
1775 1698 2045 1768 ejusdem
2064 1738 2079 1764 ,
2110 1697 2171 1750 in
2214 1695 2327 1749 col-

383 1785 641 1855 loquium
689 1789 1189 1840 convocaverunt.
1238 1785 1363 1852 Illi,
1412 1786 1780 1840 clementiam
1825 1786 1992 1855 regis
2048 1783 2324 1853 simulque

384 1876 505 1929 vim
523 1875 563 1902 ⁸²
591 1875 1125 1942 commemorandO,
1159 1874 1231 1928 ad
1261 1874 1617 1929 deditionem
1648 1890 1748 1928 eos
1773 1872 2109 1942 compulere
2141 1889 2154 1924 z
2184 1873 2321 1926 cete-

379 1978 597 2033 rasque
625 1963 807 2018 urbes
835 1963 1017 2018 simili
1045 1963 1218 2018 modo
1250 1964 1501 2018 domitas
1539 1963 1601 2017 in
1631 1961 1800 2018 fidem
1833 1964 2076 2032 accepit.

451 2061 604 2115 Hinc
651 2062 713 2114 in
761 2077 1012 2133 regnum
1059 2061 1327 2129 Sopithis
1368 2064 1717 2131 perventum
1748 2062 1863 2114 est.
1891 2059 2080 2125 GenS,
2111 2064 2174 2112 ut
2199 2057 2316 2110 bar-

377 2149 510 2205 bari
548 2151 812 2219 credunt,
846 2150 1138 2219 sapientia
1181 2150 1430 2203 excellet
1448 2149 1509 2218 ⁸⁸,
1542 2150 1836 2218 bonisque
1873 2147 2137 2202 moribus
2170 2145 2310 2215 regi-

377 2243 488 2295 tur.
516 2238 761 2294 Genitos
793 2239 1015 2293 liberos
1061 2255 1184 2292 non
1228 2242 1537 2307 parentum
1568 2237 1814 2292 arbitrio
1845 2237 2060 2291 tollunt
2079 2236 2122 2263 ³⁴
2147 2235 2309 2287 alunt-

378 2342 511 2397 que,
557 2327 663 2381 sed
710 2342 945 2392 eorum,
979 2326 1199 2397 quibus
1229 2327 1535 2395 spectandi
1569 2325 1855 2380 infantum
1895 2325 2155 2380 habitum
2188 2335 2307 2377 cura

374 2415 661 2469 mandada
689 2417 796 2469 est.
830 2414 894 2468 Si
924 2431 1074 2484 quos
1104 2415 1378 2484 insignes
1393 2415 1453 2482 ⁸⁸,
1488 2418 1586 2468 aut
1617 2415 1810 2486 aliqua
1841 2417 2007 2484 parte
2035 2412 2304 2467 membro-

372 2518 506 2556 rum
533 2503 797 2567 inutileS‚
818 2505 1196 2567 notaverunt,
1221 2505 1421 2558 necari
1446 2504 1681 2574 jubent.
1710 2504 1947 2573 Nuptiis
1976 2504 2179 2557 coeunt
2201 2513 2302 2553 non

371 2607 595 2662 genere
639 2608 705 2646 ac
753 2591 1056 2646 nobilitate
1092 2591 1452 2662 conjunctiS,
1486 2592 1593 2645 sed
1624 2592 1807 2647 electa
1841 2606 2154 2661 corporum
2187 2600 2299 2657 spe-

370 2680 479 2747 cie,
512 2680 649 2752 quia
694 2681 899 2734 eadem
944 2679 1270 2733 aestimatur
1316 2679 1379 2732 in
1420 2679 1646 2734 liberis.
1681 2679 1878 2751 Hujus
1925 2680 2123 2750 gentis
2160 2672 2294 2744 oppi-

369 2771 527 2835 dum,
554 2770 653 2825 eui
683 2769 1016 2824 Alexander
1037 2769 1382 2822 admoverat
1417 2769 1640 2838 copiaS,
1674 2769 1746 2823 ab
1782 2769 1913 2837 ipso
1947 2766 2177 2837 Sopithe
2202 2761 2291 2816 ob-

366 2858 691 2917 tinebatur.
727 2859 960 2912 Glausae
992 2859 1159 2911 erant
1186 2860 1394 2928 portae,
1419 2858 1525 2911 sed
1551 2857 1698 2910 nulli
1724 2858 1785 2911 in
1817 2857 2005 2910 muris
2029 2853 2289 2910 turribus·

366 2962 480 3016 que
509 2962 575 3001 se
603 2946 814 3000 armati
842 2946 1248 3014 ostendebant,
1284 2945 1745 3017 dubitabantque
1774 2945 2119 3000 Macedones
2144 2943 2282 2995 dese-

521 3190 697 3235 Seditio
720 3192 907 3236 deduxit
928 3193 1117 3247 vulvum,
1148 3197 1221 3236 est
1243 3192 1482 3248 poetique.

522 3252 749 3296 Deditioni
768 3254 1066 3308 imminebant,
1087 3266 1287 3308 pousser
1316 3254 1359 3307 a,
1381 3255 1556 3300 desii-er
1575 3255 1834 3300 vivement.

523 3314 810 3356 Auctoribus.
841 3314 912 3357 Cf.
949 3318 1018 3368 tv,
1039 3327 1109 3368 111,
1130 3321 1237 3360 note
1260 3316 1335 3360 29.

528 3373 637 3421 Vim,
660 3383 837 3414 comme
854 3376 1110 3426 potentiam.

522 3431 739 3483 Exn-ella,
768 3432 1036 3478 d’habitnde
1056 3438 1255 3493 excellit,
1274 3440 1335 3485 de
1361 3440 1407 3484 la
1429 3446 1481 3488 3⁹
1505 3441 1609 3496 conj
1617 3448 1819 3496 ugaison.

524 3490 714 3536 Tollunt.
740 3502 883 3543 usage
907 3496 1098 3540 romain.

473 3579 490 3595 .
520 3549 738 3603 lucianea,
768 3551 990 3611 biterras,
1008 3563 1340 3606 monstrueux.

411 3191 488 3595 &serf—²322
