<?xml version="1.0" encoding="UTF-8"?>
<!DOCTYPE html PUBLIC "-//W3C//DTD XHTML 1.0 Transitional//EN"
    "http://www.w3.org/TR/xhtml1/DTD/xhtml1-transitional.dtd">
<html xmlns="http://www.w3.org/1999/xhtml" xml:lang="en" lang="en">
 <head>
  <title>
</title>
<meta http-equiv="Content-Type" content="text/html;charset=utf-8" />
  <meta name='ocr-system' content='tesseract 3.04.00' />
  <meta name='ocr-capabilities' content='ocr_page ocr_carea ocr_par ocr_line ocrx_word'/>
</head>
<body>
  <div class='ocr_page' id='page_1' title='image "./qcurtirufihisto00brelgoog_0108.png"; bbox 0 0 2517 3975; ppageno 0'>
   <div class='ocr_carea' id='block_1_1' title="bbox 233 1276 303 1330">
    <p class='ocr_par' dir='ltr' id='par_1_1' title="bbox 233 1276 303 1330">
     <span class='ocr_line' id='line_1_1' title="bbox 233 1276 303 1330; baseline 0.029 -2"><span class='ocrx_word' id='word_1_1' title='bbox 233 1276 303 1330; x_wconf 81' lang='grc'><strong>10</strong></span> 
     </span>
    </p>
   </div>
   <div class='ocr_carea' id='block_1_2' title="bbox 234 1630 295 1683">
    <p class='ocr_par' dir='ltr' id='par_1_2' title="bbox 234 1630 295 1683">
     <span class='ocr_line' id='line_1_2' title="bbox 234 1630 295 1683; baseline 0 0"><span class='ocrx_word' id='word_1_2' title='bbox 234 1630 295 1683; x_wconf 89' lang='grc'><strong>11</strong></span> 
     </span>
    </p>
   </div>
   <div class='ocr_carea' id='block_1_3' title="bbox 236 2352 307 2407">
    <p class='ocr_par' dir='ltr' id='par_1_3' title="bbox 236 2352 307 2407">
     <span class='ocr_line' id='line_1_3' title="bbox 236 2352 307 2407; baseline -0.014 0"><span class='ocrx_word' id='word_1_3' title='bbox 236 2352 307 2407; x_wconf 84' lang='grc'><strong>13</strong></span> 
     </span>
    </p>
   </div>
   <div class='ocr_carea' id='block_1_4' title="bbox 238 2619 310 2675">
    <p class='ocr_par' dir='ltr' id='par_1_4' title="bbox 238 2619 310 2675">
     <span class='ocr_line' id='line_1_4' title="bbox 238 2619 310 2675; baseline -0.028 0"><span class='ocrx_word' id='word_1_4' title='bbox 238 2619 310 2675; x_wconf 78' lang='lat'><strong>14</strong></span> 
     </span>
    </p>
   </div>
   <div class='ocr_carea' id='block_1_5' title="bbox 242 2894 311 2948">
    <p class='ocr_par' dir='ltr' id='par_1_5' title="bbox 242 2894 311 2948">
     <span class='ocr_line' id='line_1_5' title="bbox 242 2894 311 2948; baseline 0 0"><span class='ocrx_word' id='word_1_5' title='bbox 242 2894 311 2948; x_wconf 80' lang='lat'><strong>15</strong></span> 
     </span>
    </p>
   </div>
   <div class='ocr_carea' id='block_1_6' title="bbox 358 251 1561 316">
    <p class='ocr_par' dir='ltr' id='par_1_6' title="bbox 358 251 1561 316">
     <span class='ocr_line' id='line_1_6' title="bbox 358 251 1561 316; baseline 0.001 -8"><span class='ocrx_word' id='word_1_6' title='bbox 358 251 429 308; x_wconf 66' lang='lat'><strong>84</strong></span> <span class='ocrx_word' id='word_1_7' title='bbox 1119 269 1175 316; x_wconf 84' lang='lat' dir='ltr'><strong>Q.</strong></span> <span class='ocrx_word' id='word_1_8' title='bbox 1217 269 1387 308; x_wconf 76' lang='lat' dir='ltr'><strong>cmm</strong></span> <span class='ocrx_word' id='word_1_9' title='bbox 1422 270 1561 309; x_wconf 67' lang='lat' dir='ltr'><strong>aur-1</strong></span> 
     </span>
    </p>
   </div>
   <div class='ocr_carea' id='block_1_7' title="bbox 356 369 2307 1244">
    <p class='ocr_par' dir='ltr' id='par_1_7' title="bbox 356 369 2307 1244">
     <span class='ocr_line' id='line_1_7' title="bbox 359 369 2299 446; baseline -0.002 -17"><span class='ocrx_word' id='word_1_10' title='bbox 359 374 598 443; x_wconf 80' lang='lat' dir='ltr'>Hector,</span> <span class='ocrx_word' id='word_1_11' title='bbox 641 375 1057 431; x_wconf 71' lang='lat' dir='ltr'>Parmenionis</span> <span class='ocrx_word' id='word_1_12' title='bbox 1084 376 1263 446; x_wconf 83' lang='lat' dir='ltr'><strong>filius,</strong></span> <span class='ocrx_word' id='word_1_13' title='bbox 1296 379 1514 433; x_wconf 86' lang='lat' dir='ltr'><strong>eximio</strong></span> <span class='ocrx_word' id='word_1_14' title='bbox 1546 378 1732 434; x_wconf 83' lang='lat' dir='ltr'><strong>aetatis</strong></span> <span class='ocrx_word' id='word_1_15' title='bbox 1769 377 1934 446; x_wconf 88' lang='lat' dir='ltr'><strong>flore,</strong></span> <span class='ocrx_word' id='word_1_16' title='bbox 1966 374 2028 428; x_wconf 89' lang='lat' dir='ltr'><strong>in</strong></span> <span class='ocrx_word' id='word_1_17' title='bbox 2062 369 2299 444; x_wconf 77' lang='lat' dir='ltr'><strong>paucis¹&#39;</strong></span> 
     </span>
     <span class='ocr_line' id='line_1_8' title="bbox 359 460 2303 539; baseline -0.003 -21"><span class='ocrx_word' id='word_1_18' title='bbox 359 463 690 519; x_wconf 83' lang='lat' dir='ltr'><strong>Alexandro</strong></span> <span class='ocrx_word' id='word_1_19' title='bbox 739 479 932 534; x_wconf 87' lang='lat' dir='ltr'><strong>carus,</strong></span> <span class='ocrx_word' id='word_1_20' title='bbox 988 481 1237 535; x_wconf 89' lang='lat' dir='ltr'><strong>parvum</strong></span> <span class='ocrx_word' id='word_1_21' title='bbox 1284 467 1593 539; x_wconf 87' lang='lat' dir='ltr'><strong>navigium</strong></span> <span class='ocrx_word' id='word_1_22' title='bbox 1636 465 2004 531; x_wconf 72' lang='lat' dir='ltr'><strong>conscendit,</strong></span> <span class='ocrx_word' id='word_1_23' title='bbox 2047 460 2303 533; x_wconf 87' lang='lat' dir='ltr'><strong>pluribus</strong></span> 
     </span>
     <span class='ocr_line' id='line_1_9' title="bbox 359 553 2304 626; baseline -0.003 -18"><span class='ocrx_word' id='word_1_24' title='bbox 359 569 532 624; x_wconf 88' lang='lat' dir='ltr'><strong>quam</strong></span> <span class='ocrx_word' id='word_1_25' title='bbox 563 568 775 625; x_wconf 77' lang='lat' dir='ltr'><strong>capere</strong></span> <span class='ocrx_word' id='word_1_26' title='bbox 820 557 1020 623; x_wconf 88' lang='lat' dir='ltr'><strong>posset</strong></span> <span class='ocrx_word' id='word_1_27' title='bbox 1055 553 1375 624; x_wconf 83' lang='lat' dir='ltr'><strong>impositis.</strong></span> <span class='ocrx_word' id='word_1_28' title='bbox 1418 555 1621 626; x_wconf 88' lang='lat' dir='ltr'><strong>Itaque</strong></span> <span class='ocrx_word' id='word_1_29' title='bbox 1666 570 1860 610; x_wconf 90' lang='lat' dir='ltr'><strong>mersa</strong></span> <span class='ocrx_word' id='word_1_30' title='bbox 1904 553 2071 606; x_wconf 90' lang='lat' dir='ltr'><strong>navis</strong></span> <span class='ocrx_word' id='word_1_31' title='bbox 2113 562 2304 605; x_wconf 88' lang='lat' dir='ltr'><strong>omnes</strong></span> 
     </span>
     <span class='ocr_line' id='line_1_10' title="bbox 358 630 2305 711; baseline -0.003 -14"><span class='ocrx_word' id='word_1_32' title='bbox 358 630 651 699; x_wconf 84' lang='lat' dir='ltr'><strong>destituit.</strong></span> <span class='ocrx_word' id='word_1_33' title='bbox 692 643 934 710; x_wconf 88' lang='lat' dir='ltr'><strong>Hector,</strong></span> <span class='ocrx_word' id='word_1_34' title='bbox 974 643 1077 698; x_wconf 90' lang='lat' dir='ltr'><strong>diu</strong></span> <span class='ocrx_word' id='word_1_35' title='bbox 1106 643 1336 698; x_wconf 87' lang='lat' dir='ltr'><strong>flumini</strong></span> <span class='ocrx_word' id='word_1_36' title='bbox 1364 644 1714 711; x_wconf 77' lang='lat' dir='ltr'><strong>obluctatuS,</strong></span> <span class='ocrx_word' id='word_1_37' title='bbox 1747 658 1880 699; x_wconf 86' lang='lat' dir='ltr'><strong>eum</strong></span> <span class='ocrx_word' id='word_1_38' title='bbox 1915 641 2149 696; x_wconf 89' lang='lat' dir='ltr'><strong>madens</strong></span> <span class='ocrx_word' id='word_1_39' title='bbox 2183 653 2305 692; x_wconf 82' lang='lat' dir='ltr'><strong>ves·</strong></span> 
     </span>
     <span class='ocr_line' id='line_1_11' title="bbox 356 726 2303 802; baseline -0.004 -17"><span class='ocrx_word' id='word_1_40' title='bbox 356 731 440 785; x_wconf 89' lang='lat' dir='ltr'><strong>tis</strong></span> <span class='ocrx_word' id='word_1_41' title='bbox 474 734 531 786; x_wconf 90' lang='lat' dir='ltr'><strong>et</strong></span> <span class='ocrx_word' id='word_1_42' title='bbox 560 730 829 786; x_wconf 83' lang='lat' dir='ltr'><strong>adstricti</strong></span> <span class='ocrx_word' id='word_1_43' title='bbox 855 730 1113 801; x_wconf 83' lang='lat' dir='ltr'><strong>crepidis</strong></span> <span class='ocrx_word' id='word_1_44' title='bbox 1134 731 1154 752; x_wconf 90' lang='lat'><strong>*</strong></span> <span class='ocrx_word' id='word_1_45' title='bbox 1180 731 1366 801; x_wconf 91' lang='lat' dir='ltr'><strong>pedes</strong></span> <span class='ocrx_word' id='word_1_46' title='bbox 1394 734 1598 786; x_wconf 89' lang='lat' dir='ltr'><strong>natare</strong></span> <span class='ocrx_word' id='word_1_47' title='bbox 1630 730 2027 802; x_wconf 83' lang='lat' dir='ltr'><strong>prohiberent,</strong></span> <span class='ocrx_word' id='word_1_48' title='bbox 2054 728 2111 781; x_wconf 89' lang='lat' dir='ltr'><strong>in</strong></span> <span class='ocrx_word' id='word_1_49' title='bbox 2137 726 2303 796; x_wconf 85' lang='lat' dir='ltr'><strong>ripam</strong></span> 
     </span>
     <span class='ocr_line' id='line_1_12' title="bbox 356 809 2305 892; baseline -0.003 -20"><span class='ocrx_word' id='word_1_50' title='bbox 356 822 554 874; x_wconf 88' lang='lat' dir='ltr'><strong>tamen</strong></span> <span class='ocrx_word' id='word_1_51' title='bbox 591 809 969 875; x_wconf 46' lang='lat' dir='ltr'><strong>’semianimis</strong></span> <span class='ocrx_word' id='word_1_52' title='bbox 1015 820 1225 888; x_wconf 90' lang='lat' dir='ltr'><strong>evasit,</strong></span> <span class='ocrx_word' id='word_1_53' title='bbox 1260 824 1339 888; x_wconf 87' lang='lat' dir='ltr'><strong>et,</strong></span> <span class='ocrx_word' id='word_1_54' title='bbox 1361 819 1426 874; x_wconf 92' lang='lat' dir='ltr'><strong>ut</strong></span> <span class='ocrx_word' id='word_1_55' title='bbox 1451 821 1710 890; x_wconf 92' lang='lat' dir='ltr'><strong>primum</strong></span> <span class='ocrx_word' id='word_1_56' title='bbox 1739 819 2014 892; x_wconf 83' lang='lat' dir='ltr'><strong>fatigatus</strong></span> <span class='ocrx_word' id='word_1_57' title='bbox 2051 815 2305 886; x_wconf 89' lang='lat' dir='ltr'><strong>spiritum</strong></span> 
     </span>
     <span class='ocr_line' id='line_1_13' title="bbox 358 900 2306 978; baseline -0.003 -17"><span class='ocrx_word' id='word_1_58' title='bbox 358 908 599 977; x_wconf 83' lang='lat' dir='ltr'><strong>laxavit,</strong></span> <span class='ocrx_word' id='word_1_59' title='bbox 632 921 808 978; x_wconf 84' lang='lat' dir='ltr'><strong>quem</strong></span> <span class='ocrx_word' id='word_1_60' title='bbox 848 910 1043 962; x_wconf 90' lang='lat' dir='ltr'><strong>metus</strong></span> <span class='ocrx_word' id='word_1_61' title='bbox 1073 910 1127 965; x_wconf 85' lang='lat' dir='ltr'><strong>et</strong></span> <span class='ocrx_word' id='word_1_62' title='bbox 1170 908 1499 978; x_wconf 89' lang='lat' dir='ltr'><strong>periculum</strong></span> <span class='ocrx_word' id='word_1_63' title='bbox 1534 908 1865 963; x_wconf 86' lang='lat' dir='ltr'><strong>intenderat</strong></span> <span class='ocrx_word' id='word_1_64' title='bbox 1878 908 1938 974; x_wconf 83' lang='lat'><strong>¹³,</strong></span> <span class='ocrx_word' id='word_1_65' title='bbox 1971 905 2130 960; x_wconf 90' lang='lat' dir='ltr'><strong>nullo</strong></span> <span class='ocrx_word' id='word_1_66' title='bbox 2161 900 2306 974; x_wconf 88' lang='lat' dir='ltr'><strong>adju-</strong></span> 
     </span>
     <span class='ocr_line' id='line_1_14' title="bbox 356 993 2305 1065; baseline -0.003 -17"><span class='ocrx_word' id='word_1_67' title='bbox 356 998 534 1049; x_wconf 88' lang='lat' dir='ltr'><strong>vante</strong></span> <span class='ocrx_word' id='word_1_68' title='bbox 562 1025 635 1035; x_wconf 93' lang='lat'><strong>—</strong></span> <span class='ocrx_word' id='word_1_69' title='bbox 659 996 873 1065; x_wconf 90' lang='lat' dir='ltr'><strong>quippe</strong></span> <span class='ocrx_word' id='word_1_70' title='bbox 909 995 971 1049; x_wconf 90' lang='lat' dir='ltr'><strong>in</strong></span> <span class='ocrx_word' id='word_1_71' title='bbox 1018 994 1324 1050; x_wconf 88' lang='lat' dir='ltr'><strong>diversum</strong></span> <span class='ocrx_word' id='word_1_72' title='bbox 1368 997 1684 1051; x_wconf 88' lang='lat' dir='ltr'><strong>evaserant</strong></span> <span class='ocrx_word' id='word_1_73' title='bbox 1717 996 1815 1049; x_wconf 91' lang='lat' dir='ltr'><strong>alii</strong></span> <span class='ocrx_word' id='word_1_74' title='bbox 1858 1025 1931 1038; x_wconf 94' lang='grc'><strong>-</strong></span> <span class='ocrx_word' id='word_1_75' title='bbox 1958 993 2305 1049; x_wconf 85' lang='lat' dir='ltr'><strong>exanimatus</strong></span> 
     </span>
     <span class='ocr_line' id='line_1_15' title="bbox 358 1082 2307 1153; baseline -0.004 -15"><span class='ocrx_word' id='word_1_76' title='bbox 358 1088 469 1138; x_wconf 87' lang='lat' dir='ltr'><strong>est.</strong></span> <span class='ocrx_word' id='word_1_77' title='bbox 492 1083 719 1137; x_wconf 83' lang='lat' dir='ltr'><strong>Amissi</strong></span> <span class='ocrx_word' id='word_1_78' title='bbox 759 1082 891 1153; x_wconf 88' lang='lat' dir='ltr'><strong>ejus</strong></span> <span class='ocrx_word' id='word_1_79' title='bbox 928 1083 1225 1141; x_wconf 88' lang='lat' dir='ltr'><strong>desiderio</strong></span> <span class='ocrx_word' id='word_1_80' title='bbox 1263 1084 1643 1140; x_wconf 85' lang='lat' dir='ltr'><strong>vehementer</strong></span> <span class='ocrx_word' id='word_1_81' title='bbox 1688 1082 1944 1138; x_wconf 79' lang='lat' dir='ltr'><strong>afflictus</strong></span> <span class='ocrx_word' id='word_1_82' title='bbox 1982 1084 2090 1148; x_wconf 86' lang='lat' dir='ltr'><strong>est,</strong></span> <span class='ocrx_word' id='word_1_83' title='bbox 2123 1092 2307 1150; x_wconf 85' lang='lat' dir='ltr'><strong>reper-</strong></span> 
     </span>
     <span class='ocr_line' id='line_1_16' title="bbox 357 1171 1676 1244; baseline -0.001 -18"><span class='ocrx_word' id='word_1_84' title='bbox 357 1174 596 1241; x_wconf 88' lang='lat' dir='ltr'><strong>tumque</strong></span> <span class='ocrx_word' id='word_1_85' title='bbox 628 1186 843 1241; x_wconf 89' lang='lat' dir='ltr'><strong>corpus</strong></span> <span class='ocrx_word' id='word_1_86' title='bbox 871 1171 1178 1244; x_wconf 85' lang='lat' dir='ltr'><strong>magnifico</strong></span> <span class='ocrx_word' id='word_1_87' title='bbox 1208 1173 1418 1227; x_wconf 85' lang='lat' dir='ltr'><strong>extulit</strong></span> <span class='ocrx_word' id='word_1_88' title='bbox 1448 1172 1676 1227; x_wconf 88' lang='lat' dir='ltr'><strong>funere.</strong></span> 
     </span>
    </p>
   </div>
   <div class='ocr_carea' id='block_1_8' title="bbox 356 1263 2320 2034">
    <p class='ocr_par' dir='ltr' id='par_1_8' title="bbox 356 1263 2320 2034">
     <span class='ocr_line' id='line_1_17' title="bbox 429 1263 2306 1332; baseline -0.003 -10"><span class='ocrx_word' id='word_1_89' title='bbox 429 1267 713 1323; x_wconf 83' lang='lat' dir='ltr'><strong>Oneravit</strong></span> <span class='ocrx_word' id='word_1_90' title='bbox 783 1267 939 1323; x_wconf 90' lang='lat' dir='ltr'><strong>hunc</strong></span> <span class='ocrx_word' id='word_1_91' title='bbox 1014 1269 1284 1325; x_wconf 89' lang='lat' dir='ltr'><strong>dolorem</strong></span> <span class='ocrx_word' id='word_1_92' title='bbox 1338 1270 1583 1325; x_wconf 82' lang='lat' dir='ltr'><strong>nuntius</strong></span> <span class='ocrx_word' id='word_1_93' title='bbox 1649 1269 1857 1324; x_wconf 86' lang='lat' dir='ltr'><strong>mortis</strong></span> <span class='ocrx_word' id='word_1_94' title='bbox 1913 1263 2306 1332; x_wconf 88' lang='lat' dir='ltr'><strong>Andromachi,</strong></span> 
     </span>
     <span class='ocr_line' id='line_1_18' title="bbox 359 1355 2308 1429; baseline -0.004 -17"><span class='ocrx_word' id='word_1_95' title='bbox 359 1373 533 1429; x_wconf 89' lang='lat' dir='ltr'><strong>quem</strong></span> <span class='ocrx_word' id='word_1_96' title='bbox 558 1355 926 1428; x_wconf 44' lang='lat' dir='ltr'><strong>,praefecerat</strong></span> <span class='ocrx_word' id='word_1_97' title='bbox 972 1356 1162 1428; x_wconf 78' lang='lat' dir='ltr'><strong>Syriae</strong></span> <span class='ocrx_word' id='word_1_98' title='bbox 1209 1376 1220 1412; x_wconf 74' lang='grc' dir='ltr'>ε</span> <span class='ocrx_word' id='word_1_99' title='bbox 1273 1360 1476 1413; x_wconf 87' lang='lat' dir='ltr'><strong>vivum</strong></span> <span class='ocrx_word' id='word_1_100' title='bbox 1506 1357 1814 1413; x_wconf 86' lang='lat' dir='ltr'><strong>Samaritae</strong></span> <span class='ocrx_word' id='word_1_101' title='bbox 1830 1358 1873 1385; x_wconf 81' lang='lat'><strong>¹⁴</strong></span> <span class='ocrx_word' id='word_1_102' title='bbox 1903 1355 2308 1412; x_wconf 79' lang='lat' dir='ltr'><strong>cremaverant.</strong></span> 
     </span>
     <span class='ocr_line' id='line_1_19' title="bbox 356 1440 2311 1517; baseline -0.004 -17"><span class='ocrx_word' id='word_1_103' title='bbox 356 1445 449 1500; x_wconf 92' lang='lat' dir='ltr'><strong>Ad</strong></span> <span class='ocrx_word' id='word_1_104' title='bbox 479 1446 650 1517; x_wconf 84' lang='lat' dir='ltr'><strong>cujus</strong></span> <span class='ocrx_word' id='word_1_105' title='bbox 680 1445 985 1501; x_wconf 86' lang='lat' dir='ltr'><strong>interitum</strong></span> <span class='ocrx_word' id='word_1_106' title='bbox 1032 1445 1472 1512; x_wconf 90' lang='lat' dir='ltr'><strong>vindicandum,</strong></span> <span class='ocrx_word' id='word_1_107' title='bbox 1510 1446 1725 1516; x_wconf 86' lang='lat' dir='ltr'><strong>quanta</strong></span> <span class='ocrx_word' id='word_1_108' title='bbox 1773 1445 2081 1500; x_wconf 80' lang='lat' dir='ltr'><strong>maxime¹⁸</strong></span> <span class='ocrx_word' id='word_1_109' title='bbox 2119 1440 2311 1499; x_wconf 90' lang='lat' dir='ltr'><strong>celeri·</strong></span> 
     </span>
     <span class='ocr_line' id='line_1_20' title="bbox 356 1530 2312 1605; baseline -0.003 -17"><span class='ocrx_word' id='word_1_110' title='bbox 356 1537 473 1589; x_wconf 89' lang='lat' dir='ltr'><strong>tate</strong></span> <span class='ocrx_word' id='word_1_111' title='bbox 501 1536 710 1605; x_wconf 87' lang='lat' dir='ltr'><strong>potuit,</strong></span> <span class='ocrx_word' id='word_1_112' title='bbox 740 1534 1062 1598; x_wconf 86' lang='lat' dir='ltr'><strong>contendit,</strong></span> <span class='ocrx_word' id='word_1_113' title='bbox 1100 1532 1558 1603; x_wconf 80' lang='lat' dir='ltr'><strong>advenientique</strong></span> <span class='ocrx_word' id='word_1_114' title='bbox 1588 1535 1727 1587; x_wconf 91' lang='lat' dir='ltr'><strong>sunt</strong></span> <span class='ocrx_word' id='word_1_115' title='bbox 1755 1535 1960 1589; x_wconf 82' lang='lat' dir='ltr'><strong>traditi</strong></span> <span class='ocrx_word' id='word_1_116' title='bbox 1992 1534 2135 1591; x_wconf 85' lang='lat' dir='ltr'><strong>tanti</strong></span> <span class='ocrx_word' id='word_1_117' title='bbox 2155 1530 2312 1588; x_wconf 86' lang='lat' dir='ltr'><strong>scele-</strong></span> 
     </span>
     <span class='ocr_line' id='line_1_21' title="bbox 357 1620 2317 1689; baseline -0.002 -12"><span class='ocrx_word' id='word_1_118' title='bbox 357 1623 446 1678; x_wconf 89' lang='lat' dir='ltr'><strong>ris</strong></span> <span class='ocrx_word' id='word_1_119' title='bbox 471 1625 765 1678; x_wconf 77' lang='lat' dir='ltr'><strong>auctores,</strong></span> <span class='ocrx_word' id='word_1_120' title='bbox 789 1623 1202 1678; x_wconf 89' lang='lat' dir='ltr'><strong>Andromacho</strong></span> <span class='ocrx_word' id='word_1_121' title='bbox 1233 1623 1447 1678; x_wconf 90' lang='lat' dir='ltr'><strong>deinde</strong></span> <span class='ocrx_word' id='word_1_122' title='bbox 1489 1622 1741 1676; x_wconf 90' lang='lat' dir='ltr'><strong>Menona</strong></span> <span class='ocrx_word' id='word_1_123' title='bbox 1780 1624 2113 1689; x_wconf 86' lang='lat' dir='ltr'><strong>substituit,</strong></span> <span class='ocrx_word' id='word_1_124' title='bbox 2158 1620 2317 1676; x_wconf 88' lang='lat' dir='ltr'><strong>affec·</strong></span> 
     </span>
     <span class='ocr_line' id='line_1_22' title="bbox 360 1709 2317 1782; baseline -0.001 -18"><span class='ocrx_word' id='word_1_125' title='bbox 360 1710 606 1780; x_wconf 77' lang='lat' dir='ltr'><strong>tisque¹⁰</strong></span> <span class='ocrx_word' id='word_1_126' title='bbox 643 1710 938 1780; x_wconf 90' lang='lat' dir='ltr'><strong>supplicio</strong></span> <span class='ocrx_word' id='word_1_127' title='bbox 966 1712 1066 1780; x_wconf 90' lang='lat' dir='ltr'><strong>qui</strong></span> <span class='ocrx_word' id='word_1_128' title='bbox 1100 1717 1416 1781; x_wconf 83' lang='lat' dir='ltr'><strong>praetorem</strong></span> <span class='ocrx_word' id='word_1_129' title='bbox 1463 1709 1911 1779; x_wconf 87' lang='lat' dir='ltr'><strong>interemerant,</strong></span> <span class='ocrx_word' id='word_1_130' title='bbox 1948 1715 2222 1782; x_wconf 76' lang='lat' dir='ltr'><strong>tyrannos</strong></span> <span class='ocrx_word' id='word_1_131' title='bbox 2251 1735 2317 1748; x_wconf 91' lang='lat'>-</span> 
     </span>
     <span class='ocr_line' id='line_1_23' title="bbox 363 1797 2320 1872; baseline 0.002 -21"><span class='ocrx_word' id='word_1_132' title='bbox 363 1798 519 1853; x_wconf 85' lang='lat' dir='ltr'><strong>inter</strong></span> <span class='ocrx_word' id='word_1_133' title='bbox 548 1813 701 1866; x_wconf 88' lang='lat' dir='ltr'><strong>quos</strong></span> <span class='ocrx_word' id='word_1_134' title='bbox 740 1797 1275 1869; x_wconf 74' lang='lat' dir='ltr'><strong>Methymnaeorum</strong></span> <span class='ocrx_word' id='word_1_135' title='bbox 1307 1799 1711 1854; x_wconf 87' lang='lat' dir='ltr'><strong>Aristonicum</strong></span> <span class='ocrx_word' id='word_1_136' title='bbox 1750 1802 1807 1853; x_wconf 91' lang='lat' dir='ltr'><strong>et</strong></span> <span class='ocrx_word' id='word_1_137' title='bbox 1840 1798 2225 1872; x_wconf 77' lang='lat' dir='ltr'><strong>Chrysolaum</strong></span> <span class='ocrx_word' id='word_1_138' title='bbox 2255 1827 2320 1837; x_wconf 92' lang='lat'>—</span> 
     </span>
     <span class='ocr_line' id='line_1_24' title="bbox 358 1884 2318 1959; baseline 0 -18"><span class='ocrx_word' id='word_1_139' title='bbox 358 1886 745 1958; x_wconf 86' lang='lat' dir='ltr'><strong>popularibus</strong></span> <span class='ocrx_word' id='word_1_140' title='bbox 775 1887 904 1942; x_wconf 88' lang='lat' dir='ltr'><strong>suis</strong></span> <span class='ocrx_word' id='word_1_141' title='bbox 930 1888 1169 1942; x_wconf 89' lang='lat' dir='ltr'><strong>tradidit</strong></span> <span class='ocrx_word' id='word_1_142' title='bbox 1202 1905 1215 1942; x_wconf 92' lang='lat'>:</span> <span class='ocrx_word' id='word_1_143' title='bbox 1248 1904 1400 1959; x_wconf 88' lang='lat' dir='ltr'><strong>quos</strong></span> <span class='ocrx_word' id='word_1_144' title='bbox 1435 1884 1523 1942; x_wconf 89' lang='lat' dir='ltr'><strong>illi</strong></span> <span class='ocrx_word' id='word_1_145' title='bbox 1554 1887 1629 1943; x_wconf 87' lang='lat' dir='ltr'><strong>ob</strong></span> <span class='ocrx_word' id='word_1_146' title='bbox 1660 1887 1919 1959; x_wconf 83' lang='lat' dir='ltr'><strong>injurias</strong></span> <span class='ocrx_word' id='word_1_147' title='bbox 1965 1890 2197 1945; x_wconf 84' lang='lat' dir='ltr'><strong>tortos¹⁷</strong></span> <span class='ocrx_word' id='word_1_148' title='bbox 2222 1902 2318 1942; x_wconf 90' lang='lat' dir='ltr'><strong>ne·</strong></span> 
     </span>
     <span class='ocr_line' id='line_1_25' title="bbox 359 1982 668 2034; baseline -0.003 -3"><span class='ocrx_word' id='word_1_149' title='bbox 359 1982 668 2034; x_wconf 84' lang='lat' dir='ltr'><strong>caverunt.</strong></span> 
     </span>
    </p>
   </div>
   <div class='ocr_carea' id='block_1_9' title="bbox 360 2075 2323 2238">
    <p class='ocr_par' dir='ltr' id='par_1_9' title="bbox 360 2075 2323 2238">
     <span class='ocr_line' id='line_1_26' title="bbox 431 2075 2321 2150; baseline 0 -19"><span class='ocrx_word' id='word_1_150' title='bbox 431 2075 882 2131; x_wconf 83' lang='lat' dir='ltr'><strong>Atheniensium</strong></span> <span class='ocrx_word' id='word_1_151' title='bbox 937 2075 1187 2145; x_wconf 86' lang='lat' dir='ltr'><strong>deinde,</strong></span> <span class='ocrx_word' id='word_1_152' title='bbox 1244 2076 1617 2136; x_wconf 86' lang='lat' dir='ltr'><strong>Rhodiorum</strong></span> <span class='ocrx_word' id='word_1_153' title='bbox 1674 2087 1731 2138; x_wconf 90' lang='lat' dir='ltr'><strong>et</strong></span> <span class='ocrx_word' id='word_1_154' title='bbox 1786 2082 2077 2138; x_wconf 88' lang='lat' dir='ltr'><strong>Chiorum</strong></span> <span class='ocrx_word' id='word_1_155' title='bbox 2113 2078 2321 2150; x_wconf 82' lang='lat' dir='ltr'><strong>legatos</strong></span> 
     </span>
     <span class='ocr_line' id='line_1_27' title="bbox 360 2161 2323 2238; baseline 0.001 -21"><span class='ocrx_word' id='word_1_156' title='bbox 360 2164 538 2219; x_wconf 85' lang='lat' dir='ltr'><strong>audit.</strong></span> <span class='ocrx_word' id='word_1_157' title='bbox 581 2164 978 2219; x_wconf 80' lang='lat' dir='ltr'><strong>Athenienses</strong></span> <span class='ocrx_word' id='word_1_158' title='bbox 1021 2166 1334 2221; x_wconf 88' lang='lat' dir='ltr'><strong>victoriam</strong></span> <span class='ocrx_word' id='word_1_159' title='bbox 1382 2170 1850 2238; x_wconf 81' lang='lat' dir='ltr'><strong>gratulabantur,</strong></span> <span class='ocrx_word' id='word_1_160' title='bbox 1895 2182 1977 2237; x_wconf 88' lang='lat' dir='ltr'><strong>et,</strong></span> <span class='ocrx_word' id='word_1_161' title='bbox 2024 2173 2085 2224; x_wconf 90' lang='lat' dir='ltr'><strong>ut</strong></span> <span class='ocrx_word' id='word_1_162' title='bbox 2124 2161 2323 2236; x_wconf 86' lang='lat' dir='ltr'><strong>captivi</strong></span> 
     </span>
    </p>
   </div>
   <div class='ocr_carea' id='block_1_10' title="bbox 320 2243 2322 2327">
    <p class='ocr_par' dir='ltr' id='par_1_10' title="bbox 320 2243 2322 2327">
     <span class='ocr_line' id='line_1_28' title="bbox 320 2243 2322 2327; baseline -0.001 -20"><span class='ocrx_word' id='word_1_163' title='bbox 320 2243 329 2254; x_wconf 55' lang='lat'>⁵</span> <span class='ocrx_word' id='word_1_164' title='bbox 361 2252 703 2308; x_wconf 83' lang='lat' dir='ltr'><strong>Graecorum</strong></span> <span class='ocrx_word' id='word_1_165' title='bbox 731 2254 861 2308; x_wconf 91' lang='lat' dir='ltr'><strong>suis</strong></span> <span class='ocrx_word' id='word_1_166' title='bbox 898 2255 1427 2327; x_wconf 81' lang='lat' dir='ltr'><strong>restituerentur¹⁸,</strong></span> <span class='ocrx_word' id='word_1_167' title='bbox 1460 2259 1732 2315; x_wconf 89' lang='lat' dir='ltr'><strong>orabant:</strong></span> <span class='ocrx_word' id='word_1_168' title='bbox 1768 2261 1989 2316; x_wconf 87' lang='lat' dir='ltr'><strong>Rhodii</strong></span> <span class='ocrx_word' id='word_1_169' title='bbox 2019 2263 2077 2316; x_wconf 91' lang='lat' dir='ltr'><strong>et</strong></span> <span class='ocrx_word' id='word_1_170' title='bbox 2108 2255 2233 2313; x_wconf 89' lang='lat' dir='ltr'><strong>Chii</strong></span> <span class='ocrx_word' id='word_1_171' title='bbox 2259 2250 2322 2305; x_wconf 91' lang='lat' dir='ltr'><strong>de</strong></span> 
     </span>
    </p>
   </div>
   <div class='ocr_carea' id='block_1_11' title="bbox 362 2341 2333 2855">
    <p class='ocr_par' dir='ltr' id='par_1_11' title="bbox 362 2341 2333 2855">
     <span class='ocr_line' id='line_1_29' title="bbox 362 2341 2322 2417; baseline 0.003 -23"><span class='ocrx_word' id='word_1_172' title='bbox 362 2342 640 2410; x_wconf 71' lang='lat' dir='ltr'><strong>praesidio</strong></span> <span class='ocrx_word' id='word_1_173' title='bbox 678 2341 1095 2413; x_wconf 86' lang='lat' dir='ltr'><strong>querebantur.</strong></span> <span class='ocrx_word' id='word_1_174' title='bbox 1126 2342 1367 2410; x_wconf 82' lang='lat' dir='ltr'><strong>OmneS,</strong></span> <span class='ocrx_word' id='word_1_175' title='bbox 1400 2360 1567 2417; x_wconf 85' lang='lat' dir='ltr'><strong>aequa</strong></span> <span class='ocrx_word' id='word_1_176' title='bbox 1607 2347 1949 2404; x_wconf 90' lang='lat' dir='ltr'><strong>desiderare</strong></span> <span class='ocrx_word' id='word_1_177' title='bbox 1980 2348 2119 2412; x_wconf 88' lang='lat' dir='ltr'><strong>visi,</strong></span> <span class='ocrx_word' id='word_1_178' title='bbox 2148 2345 2322 2413; x_wconf 84' lang='lat' dir='ltr'><strong>impe·</strong></span> 
     </span>
     <span class='ocr_line' id='line_1_30' title="bbox 362 2430 2323 2508; baseline 0.001 -26"><span class='ocrx_word' id='word_1_179' title='bbox 362 2434 689 2487; x_wconf 87' lang='lat' dir='ltr'><strong>traverunt.</strong></span> <span class='ocrx_word' id='word_1_180' title='bbox 713 2430 1068 2501; x_wconf 78' lang='lat' dir='ltr'><strong>Mitylenaeis</strong></span> <span class='ocrx_word' id='word_1_181' title='bbox 1098 2446 1352 2503; x_wconf 87' lang='lat' dir='ltr'><strong>quoque,</strong></span> <span class='ocrx_word' id='word_1_182' title='bbox 1377 2433 1452 2487; x_wconf 89' lang='lat' dir='ltr'><strong>ob</strong></span> <span class='ocrx_word' id='word_1_183' title='bbox 1483 2437 1791 2507; x_wconf 83' lang='lat' dir='ltr'><strong>egregiam</strong></span> <span class='ocrx_word' id='word_1_184' title='bbox 1822 2436 1877 2491; x_wconf 90' lang='lat' dir='ltr'><strong>in</strong></span> <span class='ocrx_word' id='word_1_185' title='bbox 1912 2440 2114 2508; x_wconf 86' lang='lat' dir='ltr'><strong>partes</strong></span> <span class='ocrx_word' id='word_1_186' title='bbox 2144 2433 2323 2495; x_wconf 85' lang='lat' dir='ltr'><strong>fidem,</strong></span> 
     </span>
     <span class='ocr_line' id='line_1_31' title="bbox 363 2518 2327 2594; baseline -0.001 -21"><span class='ocrx_word' id='word_1_187' title='bbox 363 2520 422 2573; x_wconf 89' lang='lat' dir='ltr'><strong>et</strong></span> <span class='ocrx_word' id='word_1_188' title='bbox 469 2521 799 2588; x_wconf 87' lang='lat' dir='ltr'><strong>pecuniam,</strong></span> <span class='ocrx_word' id='word_1_189' title='bbox 847 2535 1023 2589; x_wconf 88' lang='lat' dir='ltr'><strong>quam</strong></span> <span class='ocrx_word' id='word_1_190' title='bbox 1074 2520 1136 2573; x_wconf 91' lang='lat' dir='ltr'><strong>in</strong></span> <span class='ocrx_word' id='word_1_191' title='bbox 1191 2520 1416 2576; x_wconf 90' lang='lat' dir='ltr'><strong>bellum</strong></span> <span class='ocrx_word' id='word_1_192' title='bbox 1476 2523 1906 2594; x_wconf 87' lang='lat' dir='ltr'><strong>impenderant,</strong></span> <span class='ocrx_word' id='word_1_193' title='bbox 1959 2522 2232 2588; x_wconf 83' lang='lat' dir='ltr'><strong>reddidit,</strong></span> <span class='ocrx_word' id='word_1_194' title='bbox 2277 2518 2327 2572; x_wconf 79' lang='lat' dir='ltr'><strong>et</strong></span> 
     </span>
     <span class='ocr_line' id='line_1_32' title="bbox 364 2608 2330 2684; baseline 0.003 -25"><span class='ocrx_word' id='word_1_195' title='bbox 364 2621 645 2676; x_wconf 88' lang='lat' dir='ltr'><strong>magnam</strong></span> <span class='ocrx_word' id='word_1_196' title='bbox 665 2611 978 2677; x_wconf 80' lang='lat' dir='ltr'><strong>regionem</strong></span> <span class='ocrx_word' id='word_1_197' title='bbox 999 2608 1220 2663; x_wconf 86' lang='lat' dir='ltr'><strong>finibus</strong></span> <span class='ocrx_word' id='word_1_198' title='bbox 1240 2624 1442 2663; x_wconf 88' lang='lat' dir='ltr'><strong>eorum</strong></span> <span class='ocrx_word' id='word_1_199' title='bbox 1462 2612 1699 2683; x_wconf 72' lang='lat' dir='ltr'><strong>adJecit.</strong></span> <span class='ocrx_word' id='word_1_200' title='bbox 1721 2612 2081 2684; x_wconf 78' lang='lat' dir='ltr'><strong>Cypriorum</strong></span> <span class='ocrx_word' id='word_1_201' title='bbox 2106 2621 2330 2684; x_wconf 75' lang='lat' dir='ltr'><strong>quoque</strong></span> 
     </span>
     <span class='ocr_line' id='line_1_33' title="bbox 362 2694 2333 2774; baseline -0.001 -24"><span class='ocrx_word' id='word_1_202' title='bbox 362 2695 635 2766; x_wconf 78' lang='lat' dir='ltr'><strong>regibuS,</strong></span> <span class='ocrx_word' id='word_1_203' title='bbox 669 2697 769 2766; x_wconf 88' lang='lat' dir='ltr'><strong>qui</strong></span> <span class='ocrx_word' id='word_1_204' title='bbox 799 2700 853 2751; x_wconf 90' lang='lat' dir='ltr'><strong>et</strong></span> <span class='ocrx_word' id='word_1_205' title='bbox 874 2713 906 2751; x_wconf 98' lang='lat' dir='ltr'><strong>a</strong></span> <span class='ocrx_word' id='word_1_206' title='bbox 938 2697 1118 2752; x_wconf 92' lang='lat' dir='ltr'><strong>Dario</strong></span> <span class='ocrx_word' id='word_1_207' title='bbox 1152 2696 1492 2754; x_wconf 69' lang='lat' dir='ltr'><strong>defecerant</strong></span> <span class='ocrx_word' id='word_1_208' title='bbox 1531 2701 1605 2754; x_wconf 92' lang='lat' dir='ltr'><strong>ad</strong></span> <span class='ocrx_word' id='word_1_209' title='bbox 1637 2702 1855 2771; x_wconf 90' lang='lat' dir='ltr'><strong>ipsum,</strong></span> <span class='ocrx_word' id='word_1_210' title='bbox 1889 2708 1947 2758; x_wconf 87' lang='lat' dir='ltr'><strong>et</strong></span> <span class='ocrx_word' id='word_1_211' title='bbox 1978 2694 2333 2774; x_wconf 85' lang='lat' dir='ltr'><strong>oppugnanti</strong></span> 
     </span>
     <span class='ocr_line' id='line_1_34' title="bbox 365 2783 2235 2855; baseline 0.003 -17"><span class='ocrx_word' id='word_1_212' title='bbox 365 2784 586 2854; x_wconf 69' lang='lat' dir='ltr'><strong>Tyrum</strong></span> <span class='ocrx_word' id='word_1_213' title='bbox 617 2783 904 2839; x_wconf 88' lang='lat' dir='ltr'><strong>miserant</strong></span> <span class='ocrx_word' id='word_1_214' title='bbox 933 2786 1204 2853; x_wconf 89' lang='lat' dir='ltr'><strong>classem,</strong></span> <span class='ocrx_word' id='word_1_215' title='bbox 1238 2801 1347 2855; x_wconf 91' lang='lat' dir='ltr'><strong>pro</strong></span> <span class='ocrx_word' id='word_1_216' title='bbox 1376 2789 1587 2842; x_wconf 89' lang='lat' dir='ltr'><strong>merito</strong></span> <span class='ocrx_word' id='word_1_217' title='bbox 1623 2788 1812 2844; x_wconf 89' lang='lat' dir='ltr'><strong>honos</strong></span> <span class='ocrx_word' id='word_1_218' title='bbox 1850 2791 2101 2846; x_wconf 84' lang='lat' dir='ltr'><strong>habitus</strong></span> <span class='ocrx_word' id='word_1_219' title='bbox 2130 2796 2235 2845; x_wconf 82' lang='lat' dir='ltr'><strong>est.</strong></span> 
     </span>
    </p>
   </div>
   <div class='ocr_carea' id='block_1_12' title="bbox 439 2880 2333 2958">
    <p class='ocr_par' dir='ltr' id='par_1_12' title="bbox 439 2880 2333 2958">
     <span class='ocr_line' id='line_1_35' title="bbox 439 2880 2333 2958; baseline 0.002 -26"><span class='ocrx_word' id='word_1_220' title='bbox 439 2880 828 2949; x_wconf 84' lang='lat' dir='ltr'><strong>Amphoterus</strong></span> <span class='ocrx_word' id='word_1_221' title='bbox 888 2883 1119 2954; x_wconf 89' lang='lat' dir='ltr'><strong>deinde,</strong></span> <span class='ocrx_word' id='word_1_222' title='bbox 1185 2883 1401 2938; x_wconf 88' lang='lat' dir='ltr'><strong>classis</strong></span> <span class='ocrx_word' id='word_1_223' title='bbox 1457 2884 1801 2958; x_wconf 77' lang='lat' dir='ltr'><strong>praefectus,</strong></span> <span class='ocrx_word' id='word_1_224' title='bbox 1860 2889 1933 2942; x_wconf 94' lang='lat' dir='ltr'><strong>ad</strong></span> <span class='ocrx_word' id='word_1_225' title='bbox 1973 2885 2333 2944; x_wconf 86' lang='lat' dir='ltr'><strong>liberandam</strong></span> 
     </span>
    </p>
   </div>
   <div class='ocr_carea' id='block_1_13' title="bbox 366 3146 2339 3642">
    <p class='ocr_par' dir='ltr' id='par_1_13' title="bbox 420 3146 1409 3202">
     <span class='ocr_line' id='line_1_36' title="bbox 420 3146 1409 3202; baseline -0.001 -11"><span class='ocrx_word' id='word_1_226' title='bbox 420 3150 494 3193; x_wconf 75' lang='lat'><strong>¹2.</strong></span> <span class='ocrx_word' id='word_1_227' title='bbox 528 3146 576 3189; x_wconf 82' lang='lat' dir='ltr'><strong>In</strong></span> <span class='ocrx_word' id='word_1_228' title='bbox 600 3146 1058 3201; x_wconf 74' lang='lat' dir='ltr'><strong>paucis,d’habitude</strong></span> <span class='ocrx_word' id='word_1_229' title='bbox 1090 3146 1208 3191; x_wconf 77' lang='lat' dir='ltr'><strong>inter</strong></span> <span class='ocrx_word' id='word_1_230' title='bbox 1230 3157 1409 3202; x_wconf 75' lang='lat' dir='ltr'><strong>paucos.</strong></span> 
     </span>
    </p>

    <p class='ocr_par' dir='ltr' id='par_1_14' title="bbox 425 3208 1627 3264">
     <span class='ocr_line' id='line_1_37' title="bbox 425 3208 1627 3264; baseline 0.002 -12"><span class='ocrx_word' id='word_1_231' title='bbox 425 3214 493 3254; x_wconf 78' lang='lat'><strong>¹3.</strong></span> <span class='ocrx_word' id='word_1_232' title='bbox 528 3210 781 3253; x_wconf 81' lang='lat' dir='ltr'><strong>Incenderat</strong></span> <span class='ocrx_word' id='word_1_233' title='bbox 802 3220 862 3253; x_wconf 82' lang='lat' dir='ltr'><strong>au</strong></span> <span class='ocrx_word' id='word_1_234' title='bbox 890 3208 1130 3264; x_wconf 84' lang='lat' dir='ltr'><strong>singulier.</strong></span> <span class='ocrx_word' id='word_1_235' title='bbox 1163 3209 1226 3254; x_wconf 88' lang='lat' dir='ltr'><strong>Cf.</strong></span> <span class='ocrx_word' id='word_1_236' title='bbox 1241 3212 1316 3262; x_wconf 89' lang='lat'><strong>111,</strong></span> <span class='ocrx_word' id='word_1_237' title='bbox 1335 3222 1394 3261; x_wconf 77' lang='lat' dir='ltr'><strong>vi,</strong></span> <span class='ocrx_word' id='word_1_238' title='bbox 1420 3214 1526 3255; x_wconf 86' lang='lat' dir='ltr'><strong>note</strong></span> <span class='ocrx_word' id='word_1_239' title='bbox 1553 3210 1627 3255; x_wconf 88' lang='grc'><strong>16.</strong></span> 
     </span>
    </p>

    <p class='ocr_par' dir='ltr' id='par_1_15' title="bbox 366 3270 2339 3390">
     <span class='ocr_line' id='line_1_38' title="bbox 422 3270 2339 3326; baseline -0.002 -11"><span class='ocrx_word' id='word_1_240' title='bbox 422 3271 492 3315; x_wconf 79' lang='lat'><strong>14.</strong></span> <span class='ocrx_word' id='word_1_241' title='bbox 529 3271 775 3314; x_wconf 79' lang='lat' dir='ltr'><strong>Samarieae.</strong></span> <span class='ocrx_word' id='word_1_242' title='bbox 813 3275 899 3314; x_wconf 84' lang='lat' dir='ltr'><strong>Les</strong></span> <span class='ocrx_word' id='word_1_243' title='bbox 919 3270 1153 3314; x_wconf 81' lang='lat' dir='ltr'><strong>habitants</strong></span> <span class='ocrx_word' id='word_1_244' title='bbox 1183 3271 1238 3314; x_wconf 88' lang='lat' dir='ltr'><strong>de</strong></span> <span class='ocrx_word' id='word_1_245' title='bbox 1258 3270 1471 3326; x_wconf 78' lang='lat' dir='ltr'><strong>Samaria,</strong></span> <span class='ocrx_word' id='word_1_246' title='bbox 1494 3272 1602 3316; x_wconf 82' lang='lat' dir='ltr'><strong>ville</strong></span> <span class='ocrx_word' id='word_1_247' title='bbox 1630 3271 1689 3317; x_wconf 88' lang='lat' dir='ltr'><strong>de</strong></span> <span class='ocrx_word' id='word_1_248' title='bbox 1726 3273 1975 3324; x_wconf 82' lang='lat' dir='ltr'><strong>Palestine,</strong></span> <span class='ocrx_word' id='word_1_249' title='bbox 2008 3287 2071 3318; x_wconf 89' lang='lat' dir='ltr'><strong>au</strong></span> <span class='ocrx_word' id='word_1_250' title='bbox 2096 3277 2253 3321; x_wconf 76' lang='lat' dir='ltr'><strong>centro</strong></span> <span class='ocrx_word' id='word_1_251' title='bbox 2282 3270 2339 3313; x_wconf 84' lang='lat' dir='ltr'><strong>du</strong></span> 
     </span>
     <span class='ocr_line' id='line_1_39' title="bbox 366 3332 1066 3390; baseline 0.001 -14"><span class='ocrx_word' id='word_1_252' title='bbox 366 3345 501 3390; x_wconf 81' lang='lat' dir='ltr'><strong>pays,</strong></span> <span class='ocrx_word' id='word_1_253' title='bbox 524 3334 548 3375; x_wconf 74' lang='lat' dir='ltr'><strong>a</strong></span> <span class='ocrx_word' id='word_1_254' title='bbox 563 3333 726 3376; x_wconf 86' lang='lat' dir='ltr'><strong>l&#39;ouest</strong></span> <span class='ocrx_word' id='word_1_255' title='bbox 749 3333 812 3376; x_wconf 89' lang='lat' dir='ltr'><strong>du</strong></span> <span class='ocrx_word' id='word_1_256' title='bbox 829 3332 1066 3377; x_wconf 81' lang='lat' dir='ltr'><strong>Jourdain.</strong></span> 
     </span>
    </p>

    <p class='ocr_par' dir='ltr' id='par_1_16' title="bbox 422 3395 1157 3447">
     <span class='ocr_line' id='line_1_40' title="bbox 422 3395 1157 3447; baseline -0.004 -7"><span class='ocrx_word' id='word_1_257' title='bbox 422 3396 495 3441; x_wconf 77' lang='lat'><strong>¹5.</strong></span> <span class='ocrx_word' id='word_1_258' title='bbox 529 3395 696 3447; x_wconf 76' lang='lat' dir='ltr'><strong>Quanta</strong></span> <span class='ocrx_word' id='word_1_259' title='bbox 724 3395 910 3439; x_wconf 70' lang='lat' dir='ltr'><strong>maxime</strong></span> <span class='ocrx_word' id='word_1_260' title='bbox 939 3400 1012 3438; x_wconf 86' lang='lat' dir='ltr'><strong>est</strong></span> <span class='ocrx_word' id='word_1_261' title='bbox 1039 3404 1157 3438; x_wconf 87' lang='lat' dir='ltr'><strong>rare.</strong></span> 
     </span>
    </p>

    <p class='ocr_par' dir='ltr' id='par_1_17' title="bbox 429 3456 1121 3513">
     <span class='ocr_line' id='line_1_41' title="bbox 429 3456 1121 3513; baseline -0.004 -10"><span class='ocrx_word' id='word_1_262' title='bbox 429 3464 493 3503; x_wconf 75' lang='grc'><strong>16.</strong></span> <span class='ocrx_word' id='word_1_263' title='bbox 530 3459 736 3512; x_wconf 73' lang='lat' dir='ltr'><strong>Affectis.</strong></span> <span class='ocrx_word' id='word_1_264' title='bbox 766 3458 941 3513; x_wconf 81' lang='lat' dir='ltr'><strong>Ellipse</strong></span> <span class='ocrx_word' id='word_1_265' title='bbox 961 3456 1019 3501; x_wconf 88' lang='lat' dir='ltr'><strong>de</strong></span> <span class='ocrx_word' id='word_1_266' title='bbox 1040 3456 1121 3500; x_wconf 75' lang='lat' dir='ltr'><strong>iis.</strong></span> 
     </span>
    </p>

    <p class='ocr_par' dir='ltr' id='par_1_18' title="bbox 424 3520 1042 3575">
     <span class='ocr_line' id='line_1_42' title="bbox 424 3520 1042 3575; baseline -0.006 -10"><span class='ocrx_word' id='word_1_267' title='bbox 424 3527 496 3565; x_wconf 77' lang='grc' dir='ltr'><strong>Π.</strong></span> <span class='ocrx_word' id='word_1_268' title='bbox 536 3520 704 3574; x_wconf 75' lang='lat' dir='ltr'><strong>Tor-tos,</strong></span> <span class='ocrx_word' id='word_1_269' title='bbox 735 3521 792 3564; x_wconf 91' lang='lat' dir='ltr'><strong>de</strong></span> <span class='ocrx_word' id='word_1_270' title='bbox 824 3524 1042 3575; x_wconf 79' lang='lat' dir='ltr'><strong>torquere.</strong></span> 
     </span>
    </p>

    <p class='ocr_par' dir='ltr' id='par_1_19' title="bbox 428 3580 2176 3642">
     <span class='ocr_line' id='line_1_43' title="bbox 428 3580 2176 3642; baseline 0.001 -14"><span class='ocrx_word' id='word_1_271' title='bbox 428 3589 505 3628; x_wconf 75' lang='lat'><strong>¹8:</strong></span> <span class='ocrx_word' id='word_1_272' title='bbox 531 3582 707 3638; x_wconf 74' lang='lat' dir='ltr'><strong>Captivi</strong></span> <span class='ocrx_word' id='word_1_273' title='bbox 735 3583 1097 3628; x_wconf 72' lang='lat' dir='ltr'><strong>restituerentur.</strong></span> <span class='ocrx_word' id='word_1_274' title='bbox 1129 3582 1256 3625; x_wconf 86' lang='lat' dir='ltr'><strong>cette</strong></span> <span class='ocrx_word' id='word_1_275' title='bbox 1287 3580 1509 3627; x_wconf 80' lang='lat' dir='ltr'><strong>demanda</strong></span> <span class='ocrx_word' id='word_1_276' title='bbox 1539 3593 1566 3627; x_wconf 85' lang='lat' dir='ltr'><strong>a</strong></span> <span class='ocrx_word' id='word_1_277' title='bbox 1595 3582 1698 3637; x_wconf 73' lang='lat' dir='ltr'><strong>deja</strong></span> <span class='ocrx_word' id='word_1_278' title='bbox 1726 3583 1799 3629; x_wconf 74' lang='lat' dir='ltr'><strong>ete</strong></span> <span class='ocrx_word' id='word_1_279' title='bbox 1827 3584 1951 3639; x_wconf 81' lang='lat' dir='ltr'><strong>faite,</strong></span> <span class='ocrx_word' id='word_1_280' title='bbox 1972 3587 2045 3635; x_wconf 89' lang='lat'><strong>111,</strong></span> <span class='ocrx_word' id='word_1_281' title='bbox 2078 3596 2112 3642; x_wconf 86' lang='lat'><strong>1,</strong></span> <span class='ocrx_word' id='word_1_282' title='bbox 2133 3584 2176 3629; x_wconf 78' lang='lat'><strong>9.</strong></span> 
     </span>
    </p>
   </div>
   <div class='ocr_carea' id='block_1_14' title="bbox 2464 1773 2467 2882">
    <p class='ocr_par' dir='ltr' id='par_1_20' title="bbox 2464 1773 2467 2882">
     <span class='ocr_line' id='line_1_44' title="bbox 2464 1773 2467 2882; baseline 0 0"><span class='ocrx_word' id='word_1_283' title='bbox 2464 1773 2467 2882; x_wconf 95' lang='lat' dir='ltr'><strong> </strong></span> 
     </span>
    </p>
   </div>
  </div>
 </body>
</html>
