2517 3975
610 273 998 312 msronmnuu
1033 273 1385 320 Annxmnm,
1429 276 1488 321 x,
1527 276 1607 312 ιχ.
1985 259 2081 312 381

91 381 473 446 exterritus,
513 381 816 449 admirari,
847 382 1038 453 queri,
1070 382 1442 453 dolentisque
1484 383 1743 453 speciem
1788 386 2088 439 ostentare

90 472 163 525 ei
201 469 397 539 coepit
420 469 541 524 :.ad
568 471 837 524 ultimum
868 471 1147 525 convenit
1193 474 1256 524 ut
1297 471 1930 541 comprehenderentur
1970 477 2089 528 tam

94 558 432 615 seditiosae
461 558 631 613 vocis
658 562 958 616 auctores,
987 560 1130 631 Agit
1157 559 1454 631 Meleager
1479 561 1729 630 gratias,
1758 563 2090 633 amplexus-

94 664 236 720 que
268 646 633 717 Perdiccam,
664 647 839 703 fidem
856 648 991 719 ejus
1011 649 1072 701 in
1095 664 1161 702 se
1189 663 1257 702 ac
1286 648 1759 704 benevolentiam
1778 650 2085 708 collaudat.

92 737 275 791 Tum
296 736 594 789 communi
614 737 859 791 consilio
883 736 1163 791 rationem
1182 737 1223 764 ¹²
1242 738 1612 808 opprimendi
1629 740 1842 793 noxios
1862 740 2084 796 ineunt.

95 827 331 881 Placet
360 824 682 880 exercitum
711 826 902 897 patrio
932 842 1099 881 more
1142 826 1403 893 lustrari,
1437 830 1494 882 et
1532 827 1861 899 probabilis
1907 845 2088 883 causa

94 912 444 967 videbatur
469 913 768 982 praeterita
797 913 1126 968 discordia.

181 1001 585 1056 Macedonum
614 1017 787 1074 reges
809 1003 890 1056 ita
920 991 1172 1056 lustrare
1189 1003 1231 1030 ¹⁸
1253 1004 1415 1057 soliti
1434 1009 1603 1061 erant
1619 1005 1863 1072 milites,
1887 1006 1949 1059 ut
1968 1004 2087 1058 dis-

101 1094 310 1146 cissae
339 1090 506 1143 canis
533 1090 768 1145 viscera
794 1091 1000 1145 ultimo
1042 1092 1105 1144 in
1134 1107 1366 1162 campo,
1395 1094 1457 1146 in
1495 1109 1665 1163 quem
1696 1094 2089 1149 deduceretur

102 1179 446 1246 exercituS,
478 1177 551 1232 ab
579 1183 827 1251 utraque
858 1179 1188 1250 abjicerent
1218 1186 1415 1250 parte;
1447 1183 1600 1236 intra
1630 1183 1689 1237 id
1721 1185 1977 1255 spatium
2006 1197 2090 1235 ar-

100 1269 271 1324 mati
300 1282 510 1321 omnes
539 1271 785 1334 starent,
828 1268 968 1322 hinc
998 1269 1232 1338 equites
1251 1273 1294 1337 ⁸,
1325 1270 1489 1324 illinc
1535 1271 1791 1341 phalanx
1813 1273 1855 1325 *.
1889 1273 2090 1343 Itaque

102 1374 185 1414 eo
234 1356 356 1422 die,
389 1371 563 1426 quern
607 1355 746 1411 huic
789 1372 961 1411 sacro
1007 1356 1468 1425 destinaverant,
1499 1374 1604 1413 rex
1632 1375 1762 1414 eum
1792 1362 2091 1431 equitibus

105 1444 583 1516 elephantisque
608 1446 953 1499 constiterat
983 1449 1186 1499 contra
1212 1446 1255 1472 ¹⁴
1283 1447 1533 1517 pedites,
1557 1448 1693 1517 quis
1713 1448 1756 1475 ¹⁸
1797 1448 2090 1519 Meleager

102 1533 410 1607 praeerat.
438 1533 471 1586 J
478 1549 571 1587 am
599 1537 869 1603 equestre
897 1549 1111 1604 agmen
1139 1535 1510 1603 movebatur,
1541 1539 1599 1590 et
1625 1535 1871 1606 pediteS,
1893 1536 2091 1591 subita

103 1621 448 1680 formidine
477 1623 553 1677 ob
584 1627 880 1678 recentem
918 1623 1271 1678 discordiam
1298 1624 1454 1679 haud
1479 1641 1622 1680 sane
1650 1626 1839 1695 pacati
1858 1625 1899 1652 ¹⁶
1928 1625 2090 1695 quic-

108 1728 309 1786 quam
342 1715 768 1782 exspectanteS,
809 1730 1125 1785 parumper
1163 1714 1585 1770 addubitavere
1619 1731 1695 1769 an
1713 1715 1753 1742 ¹⁷
1789 1716 1853 1769 in
1883 1716 2090 1769 urbem

108 1802 526 1859 subducerent
553 1804 756 1873 copias
782 1820 795 1856 ε
828 1804 1044 1873 quippe
1073 1820 1181 1874 pro
1203 1804 1245 1831 ¹⁸
1277 1804 1573 1873 equitibus
1616 1804 1892 1875 planities
1940 1807 2085 1859 erat.

109 1893 427 1956 Ceterum,
458 1891 633 1945 veriti
662 1906 736 1944 ne
763 1893 978 1947 temere
1010 1893 1471 1947 commilitonum
1499 1892 1672 1947 fidem
1720 1893 2086 1962 damnarent,

113 1980 475 2047 substitere,
507 1982 856 2051 praeparatis
885 1981 955 2035 ad
996 1981 1390 2039 dimicandum
1430 1981 1659 2051 animis,
1692 1982 1746 2036 si
1792 1982 1925 2053 quis
1968 1983 2088 2036 vim

114 2069 404 2125 inferret.
432 2070 565 2123 Jam
596 2070 833 2141 agmina
863 2070 1117 2139 coibant,
1148 2087 1516 2142 parvumque
1545 2072 1920 2125 intervallum
1963 2073 2089 2126 erat

114 2157 292 2230 quod
329 2158 514 2212 aciem
542 2162 848 2228 utramque
894 2159 1213 2214 divideret.
1261 2160 1462 2229 Itaque
1504 2176 1611 2215 rex
1650 2176 1784 2214 cum
1831 2176 1949 2214 una
1996 2160 2088 2214 ala

116 2247 478 2318 obequitare
505 2247 805 2317 peditibus
833 2249 1027 2319 coepit,
1068 2247 1383 2303 discordiae
1423 2252 1713 2316 auctoreS,
1756 2264 1905 2321 quos
1934 2249 2088 2304 tueri

116 2338 263 2407 ipse
311 2334 560 2390 debebat
578 2335 638 2405 ¹⁹,
669 2336 951 2390 instinctu
986 2336 1286 2392 Perdiccae
1315 2338 1388 2391 ad
1408 2338 1699 2408 supplicia
1719 2339 2047 2409 deposcens
2071 2355 2084 2391 :

117 2423 582 2495 minabaturque
609 2440 814 2480 omnes
840 2427 1069 2480 turmas
1105 2442 1237 2480 cum
1266 2427 1596 2497 elephantis
1620 2426 1995 2481 inducturum
2021 2443 2088 2482 se

117 2515 191 2569 in
222 2516 596 2568 recusantes·
624 2513 951 2584 Stupebant
977 2515 1305 2586 improviso
1334 2517 1488 2570 malo
1512 2515 1777 2587 pedites3
1813 2532 1922 2571 nec
1954 2517 2088 2587 plus

119 2603 193 2656 in
241 2601 380 2672 ipso
423 2601 718 2675 Meleagro
767 2606 892 2658 erat
935 2607 1034 2658 aut
1062 2605 1299 2659 consilii
1336 2608 1435 2658 aut
1473 2606 1673 2660 animi.
1702 2605 2090 2660 Tutissimum

176 2843 255 2886 12.
291 2840 545 2888 Rationem.
579 2842 646 2887 Cf.
678 2853 760 2886 sur
787 2852 844 2887 ce
862 2847 974 2898 mot,
1002 2846 1074 2892 lv.
1101 2853 1172 2898 ιι,
1191 2849 1303 2888 note
1325 2845 1399 2889 32.

177 2909 255 2949 13.
290 2902 519 2955 Lustrare,
547 2903 741 2961 purifler
767 2917 851 2960 par
869 2917 934 2949 un
963 2905 1176 2949 sacrifice
1204 2906 1478 2960 expiatoire.
1512 2908 1679 2960 Quinte
1706 2911 1854 2953 curce
1880 2921 1997 2953 nous
2016 2909 2091 2953 in-

120 2966 271 3021 dique
299 2977 358 3009 en
386 2966 495 3021 quoi
519 2968 759 3011 consistait
785 2978 840 3011 ce
872 2967 1078 3011 sacrifice
1100 2967 1211 3011 chez
1229 2969 1299 3011 les
1327 2968 1668 3015 Macedonicus.
1690 2972 1727 3013 A
1744 2973 1899 3024 Rome,
1920 2970 1952 3015 il
1981 2971 2093 3016 etait

119 3027 378 3073 distarent:
415 3039 476 3072 on
503 3028 719 3073 sacrifiait
747 3041 841 3073 une
866 3029 1005 3082 truie,
1034 3040 1129 3072 une
1156 3031 1335 3081 brebis,
1378 3043 1443 3075 un
1471 3036 1687 3077 taureau.
1732 3032 1797 3076 lbi
1834 3032 2092 3079 instructum

120 3090 374 3136 exercitum
401 3100 563 3135 omnem
586 3092 951 3136 suovetaurilibus
980 3091 1207 3136 lustravit.
1241 3093 1388 3148 Apres
1415 3094 1547 3137 avoir
1573 3095 1715 3150 range
1752 3094 1798 3138 la
1833 3106 1914 3138 son
1939 3096 2092 3141 armee

121 3151 342 3206 bataille,
371 3152 405 3197 il
441 3154 487 3197 la
509 3165 649 3209 passa
676 3166 737 3198 en
775 3166 916 3198 revue
956 3153 1020 3208 (la
1047 3153 1232 3211 puritia)
1281 3166 1341 3200 en
1386 3156 1625 3201 sacriflant
1661 3168 1726 3201 un
1771 3160 2086 3204 suovetaurile.

123 3216 201 3261 Cf.
237 3215 333 3258 Tite
353 3214 484 3270 Live,
510 3219 597 3269 XL,
626 3228 687 3268 vx,
713 3218 758 3264 1.

182 3277 258 3321 14.
295 3275 473 3331 Contra,
498 3289 557 3322 en
585 3278 685 3322 face
714 3279 793 3324 de.

182 3339 259 3385 15.
299 3339 420 3394 Quia,
440 3350 616 3384 comme
634 3340 805 3396 quibam.
836 3344 909 3387 cf.
943 3348 1018 3400 111,
1042 3357 1090 3398 11,
1120 3350 1227 3388 note
1244 3348 1292 3389 8.

122 3402 127 3406 ’
184 3404 259 3446 16.
294 3401 468 3456 Pacati,
493 3402 689 3457 adjectis
711 3410 877 3449 neutre
895 3418 954 3450 au
977 3406 1161 3461 genitis.

184 3464 261 3509 1⁷.
294 3463 615 3509 Addubitavere
637 3477 712 3519 an,
735 3467 969 3512 conforme
993 3469 1020 3512 a
1042 3471 1220 3524 l’usage
1248 3470 1500 3525 classique.

185 3527 261 3571 18.
293 3524 400 3579 Pro,
422 3524 450 3569 a
473 3527 732 3581 l’avantage
759 3529 837 3571 de.

184 3592 258 3635 19.
295 3588 509 3632 Debebat.
532 3589 605 3632 Ct'.
630 3600 709 3633 sur
736 3591 1074 3649 cetimpartait,
1104 3598 1180 3649 111,
1206 3607 1269 3649 iv,
1297 3601 1406 3641 note
1428 3601 1476 3642 6.

2142 558 2212 612 10

2142 736 2205 790 11

2143 1002 2211 1056 12

2144 1270 2212 1324 13

2145 1535 2212 1589 14

2144 1889 2212 1943 15

2145 2158 2213 2213 16

2145 2513 2211 2568 17
