2517 3975
554 297 945 342 msromnauu
983 298 1318 341 Annxmnm
1359 302 1414 351 v,
1458 298 1581 338 vm.
1669 295 1674 300 ·
1953 283 2058 337 147

142 418 303 474 regem
328 409 397 463 ad
426 409 695 467 ultimum
722 411 967 465 invicta.
998 409 1429 464 Funditorum*
1461 422 1694 479 quoque
1722 410 1779 461 et
1810 406 2055 477 sagitta-

139 492 357 551 riorum*
386 514 598 553 manus
627 517 688 553 ιν
717 499 902 555 millia
940 500 1282 568 expleverat
1316 516 1329 553 ε
1370 502 1587 568 praeter
1620 496 1735 552 hos
1771 512 1837 549 111
1872 495 2056 548 millia

140 593 180 634 et
202 601 291 639 ccc
317 587 544 658 equites
585 593 770 654 erant,
804 588 1058 642 maxime
1103 587 1570 642 Bactrianorum.
1604 586 1830 640 Bessus
1867 598 2059 653 praee-

134 674 217 740 rat,
251 675 566 731 Bactrianae
606 678 873 750 regionis
917 677 1252 748 praefectus·
1304 677 1453 730 Cum
1488 675 1600 730 hoc
1646 674 1881 746 agmine
1908 688 2056 743 pau-

135 762 227 816 lum
251 764 555 822 declinavit
573 767 671 821 via
690 767 984 837 militari⁶,
1010 765 1206 837 jussis
1236 765 1571 836 praecedere
1602 764 1741 818 lixis
1759 764 1778 784 *
1806 762 2058 833 impedi-

137 854 537 926 mentorumque
567 855 936 911 custodibus,

182 940 414 999 Consilio
450 944 665 1021 deinde
718 944 999 999 advocato
1037 961 1049 997 :
1097 966 1119 991 κ
1163 943 1228 998 Si
1272 958 1407 999 cum
1444 942 1705 1013 ignavis,
1744 942 1954 1012 inquit,
2002 941 2058 995 et

129 1025 282 1096 pluris
323 1033 808 1106 qualemcumque
845 1035 1024 1087 vitam
1073 1032 1322 1087 honesta
1363 1035 1554 1087 morte
1598 1030 2053 1099 aestimantihuS‚

129 1115 321 1175 fortuna
364 1139 458 1177 me
498 1121 822 1194 junxisset,
855 1125 1112 1177 tacerem
1158 1122 1354 1191 potius
1404 1137 1576 1190 quam
1616 1120 1835 1174 frustra
1875 1121 2058 1175 verba

131 1221 521 1267 consumerem.
566 1211 704 1278 Sed,
735 1210 963 1281 majore
997 1226 1170 1281 quam
1200 1209 1414 1264 vellem
1453 1210 1797 1264 documento
1835 1216 1891 1264 et
1927 1211 2055 1263 vir-

130 1298 276 1351 tutem
300 1304 560 1355 vestram
591 1303 647 1354 et
685 1299 857 1354 fidem
902 1301 1199 1370 expertuS,
1234 1299 1428 1370 magis
1458 1299 1630 1353 etiam
1660 1298 1841 1353 coniti
1869 1298 2056 1353 debeo

131 1386 177 1436 ut
208 1386 409 1458 dignus
453 1389 669 1456 talibus
714 1388 920 1442 amicis
968 1389 1113 1458 sim,
1164 1404 1343 1459 quam
1400 1386 1668 1443 dubitare
1718 1389 1831 1441 an⁷
1873 1389 2057 1441 vestri

127 1473 316 1532 similes
368 1477 560 1535 adhuc
606 1464 768 1532 sitis,
818 1478 906 1531 Ex
964 1480 1047 1532 tot
1103 1476 1392 1546 millibuS,
1452 1493 1583 1548 quae
1639 1477 1752 1531 sub
1809 1476 2057 1547 imperio

129 1560 325 1620 fuerunt
350 1583 511 1637 mee,
540 1567 638 1620 bis
667 1583 759 1621 me
789 1568 1030 1634 victum,
1061 1567 1156 1621 bis
1191 1566 1519 1637 fugientem
1553 1567 1851 1636 persecuti
1879 1568 2048 1620 estis.

127 1648 268 1710 Fides
294 1660 502 1712 vestra
533 1657 590 1710 et
614 1658 962 1727 constantia,
997 1659 1061 1711 ut
1089 1672 1293 1728 regem
1329 1671 1423 1710 me
1450 1671 1582 1710 esse
1612 1656 1866 1721 credam,
1898 1655 2053 1710 facit.

126 1737 435 1800 Proditores
480 1748 538 1799 et
575 1744 907 1816 transfugae
958 1746 1020 1798 in
1065 1746 1318 1800 urbibus
1365 1745 1515 1799 meis
1563 1753 1811 1817 regnant
1854 1762 1866 1798 ε
1912 1760 2053 1811 non,

120 1825 346 1903 hercule,
379 1834 524 1905 quia
552 1836 713 1895 tanto
744 1834 963 1889 honore
995 1833 1160 1904 digni
1196 1834 1488 1890 habentur
1506 1835 1547 1903 ⁸,
1580 1835 1686 1888 sed
1712 1838 1777 1888 ut
1800 1835 2058 1903 praemiis

121 1931 291 1977 eorum
336 1923 530 1979 vestri
585 1923 974 1978 sollicitentur
1026 1923 1227 1977 animi.
1275 1924 1462 1979 Meam
1514 1923 1809 1977 fortunam
1861 1926 2059 1977 tamen

120 2022 263 2076 quam
301 2013 553 2069 victoris
596 2013 891 2067 maluistis
937 2014 1128 2085 sequi,
1179 2013 1539 2086 dignissimi,
1586 2013 1823 2084 quibus,
1857 2014 1910 2067 si
1946 2029 2056 2084 ego

66 2131 69 2158 l
118 2112 213 2152 non
245 2103 499 2173 possim,
544 2102 602 2155 di
657 2117 760 2171 pro
801 2118 896 2156 me
947 2103 1200 2172 gratiam
1255 2102 1533 2156 referant.
1580 2102 1670 2172 Et,
1702 2102 2054 2167 mehercule,

116 2185 361 2246 referent.
406 2188 587 2252 Nulla
617 2191 729 2245 erit
756 2192 876 2245 tam
905 2191 1084 2245 surda
1120 2191 1458 2261 posteritaS,
1494 2191 1653 2244 nulla
1681 2193 1798 2244 tam
1826 2190 2057 2262 ingrata

66 2303 69 2332 ε
114 2271 257 2342 fama,
287 2295 423 2350 quae
453 2294 578 2332 non
607 2278 670 2331 in
698 2277 904 2333 caelum
932 2294 1043 2332 vos
1073 2279 1289 2333 debitis
1319 2279 1598 2333 laudibus
1626 2278 1799 2333 ferat.
1833 2280 2054 2348 Itaque,

115 2363 317 2420 etiamsi
361 2366 680 2422 consilium
724 2366 904 2439 fugae,
949 2385 982 2421 a
1026 2385 1137 2442 qua
1178 2368 1429 2422 multum
1477 2367 1755 2423 abhorret
1801 2368 2056 2438 animuS,

113 2455 424 2524 agitassem‚
463 2460 665 2511 vestra
695 2459 887 2511 tamen
921 2458 1138 2511 virtute
1170 2457 1359 2512 fretus
1395 2458 1632 2512 obviam
1662 2458 1847 2512 issem
1876 2458 2053 2513 hosti.

113 2537 402 2616 Quousque
435 2546 683 2601 enimin
712 2562 898 2618 regno
939 2548 1191 2602 exulabo
1236 2551 1293 2601 et
1336 2564 1444 2617 per
1484 2548 1633 2602 fines
1670 2548 1904 2618 imperii
1941 2548 2057 2603 mei

111 2629 311 2703 fugiam
363 2640 680 2691 externum
719 2640 777 2691 et
818 2636 1106 2691 advenam
1146 2653 1371 2709 regem,
1404 2654 1536 2693 cum
1574 2638 1746 2692 liceat
1775 2639 2055 2710 experto⁹

146 2826 184 2864 6.
219 2824 297 2867 Via
326 2822 554 2867 militari.
589 2826 651 2866 La
673 2822 847 2877 grande
869 2825 1001 2867 route
1030 2823 1110 2878 qui
1139 2823 1241 2866 unit
1269 2823 1499 2868 Ecbatane
1524 2824 1550 2867 a
1573 2828 1725 2878 Ragoe.

145 2883 184 2926 7.
214 2885 434 2930 Dubitare
463 2897 541 2939 an,
568 2885 734 2929 douter
772 2887 838 2937 si;
874 2886 1193 2930 construction
1221 2887 1301 2940 qui
1338 2887 1459 2931 n'est
1493 2899 1577 2941 pas
1615 2888 1674 2933 de
1702 2888 1913 2944 l'epoque
1941 2890 2057 2934 clas-

114 2943 234 2998 sique.
268 2949 336 2992 Cf.
366 2952 443 2997 111,
476 2960 575 3001 vm,
607 2952 713 2991 note
731 2952 797 2992 18.

141 3013 180 3051 8.
206 3011 296 3053 Non
324 3010 437 3066 quia
458 3009 685 3053 habentur.
720 3008 979 3053 L’indicatif
995 3014 1069 3053 est
1094 3010 1154 3053 ici
1184 3011 1412 3054 contraire
1442 3010 1468 3053 ἐι
1494 3012 1691 3068 l’usage.
1717 3016 1840 3057 Dans
1870 3014 1939 3058 les
1961 3028 2061 3070 pro-

108 3070 308 3115 msitions
329 3073 574 3122 causales,
605 3071 841 3126 lorsqu’on
865 3072 1054 3124 indique
1079 3083 1168 3126 que
1192 3073 1236 3114 le
1267 3074 1399 3117 motis
1418 3073 1592 3117 enonce
1620 3077 1740 3119 n'est
1758 3088 1840 3130 pas
1870 3079 1912 3120 le
1935 3078 2059 3120 veri-

106 3130 208 3175 table
226 3135 376 3189 motif,
408 3136 594 3189 l'usage
619 3136 731 3177 latin
757 3139 829 3177 est
858 3133 914 3178 de
934 3139 1100 3177 mettre
1129 3147 1213 3178 non
1233 3136 1360 3190 quod,
1387 3148 1472 3179 non
1501 3138 1603 3193 quia
1632 3150 1745 3182 avec
1776 3141 1817 3182 le
1848 3140 2061 3194 subjonc-

105 3191 169 3245 tir;
195 3220 240 3228 -
268 3203 318 3241 et
349 3210 412 3240 au
463 3198 696 3239 contraire
724 3196 783 3240 de
814 3201 982 3239 mettre
1010 3198 1054 3239 le
1083 3197 1311 3241 veritable
1355 3200 1488 3243 metit
1523 3200 1549 3243 ἐι
1578 3197 1820 3244 l'indicatif
1845 3213 1957 3246 avec
1985 3203 2063 3245 sed

107 3257 204 3311 wod,
224 3259 301 3302 sed
334 3259 470 3315 quia.
509 3258 689 3311 aniles
719 3259 767 3301 in
789 3259 1022 3312 jactandis
1051 3259 1252 3303 caestibus
1282 3262 1590 3318 ingemiscunt,
1621 3275 1705 3306 non
1734 3264 1843 3317 quod
1870 3265 2061 3314 doleant,

110 3318 276 3364 ltvn'move
304 3322 618 3377 succumbant,
648 3321 726 3364 sed
750 3322 854 3375 quia
876 3322 1176 3374 profundenda
1204 3334 1304 3366 voce
1327 3337 1451 3368 omne
1480 3337 1633 3379 corpus
1654 3326 1898 3369 intenditur
1921 3326 2064 3368 venil-

113 3387 166 3427 ’Μ
192 3386 320 3438 playa
351 3383 673 3427 vehementior.
704 3386 791 3426 Les
821 3383 1036 3432 athletos,
1073 3395 1132 3426 en
1162 3385 1341 3438 agitant
1370 3387 1496 3430 leurs
1538 3395 1707 3442 cestes,
1739 3392 1965 3441 poussent
2007 3388 2060 3432 dc

119 3445 248 3489 grands
275 3449 392 3494 cris,
414 3457 508 3489 non
534 3446 674 3501 qu’ils
705 3445 936 3502 soussrent
959 3457 1018 3488 ou
1042 3457 1131 3500 que
1154 3447 1258 3490 leur
1289 3459 1491 3504 com-age
1517 3450 1740 3502 faiblisse‚
1773 3450 1886 3491 mais
1923 3455 2061 3502 parce

66 3489 69 3508 ¹
122 3504 216 3550 ‘lu'en
232 3508 387 3562 jetant
417 3520 485 3551 un
514 3509 596 3561 cri,
631 3513 733 3551 tous
765 3508 833 3551 les
858 3508 984 3551 nerfs
1007 3519 1056 3551 se
1087 3511 1279 3553 tendent
1312 3518 1360 3556 et
1387 3524 1478 3566 que
1505 3514 1547 3555 le
1568 3523 1685 3565 coup
1708 3516 1780 3554 est
1801 3515 1927 3565 porte
1947 3519 2061 3552 avec

66 3609 69 3620 ,
124 3559 190 3610 olus
207 3571 259 3613 de
278 3574 487 3625 vigueur
509 3571 644 3625 (Cic.‚
684 3570 832 3618 Taso„
861 3574 917 3624 11,
942 3570 1035 3623 23).

156 3631 188 3671 9.
221 3633 438 3688 arperto,
463 3633 628 3687 ellipse
656 3633 718 3678 du
746 3643 935 3687 pronom
957 3631 1084 3675 ncilei.

2114 2189 2183 2242 10

2116 2547 2175 2601 11
