2517 3975
259 1232 328 1287 34

249 2121 319 2177 36

247 2300 317 2353 37

276 3139 302 3193 1

394 218 499 274 204
1156 237 1212 281 Q.
1253 236 1425 276 cun-rr
1465 236 1599 274 num

392 362 529 398 aare
557 346 761 410 auu-itm,
793 358 927 397 cum
970 346 1027 398 et
1075 344 1203 414 ipse
1251 331 1399 399 tanti
1426 346 1694 401 criminis
1723 360 1863 400 reus
1892 347 1991 400 sit.
2022 346 2227 400 Parum
2246 351 2317 400 est

392 434 549 486 anim
589 438 669 482 nit
701 431 870 486 :nodo
931 432 1160 487 iberum
1196 436 1517 503 parentem,
1559 434 1620 487 in
1658 434 1835 490 unico
1881 450 2042 489 nunc
2090 434 2203 489 filio
2242 450 2315 488 ac·

392 519 858 591 qnijeffl=ffllei=1·n'⁶,
891 536 960 575 eo
991 535 1222 592 quoque
1255 521 1474 587 orbari,
1516 523 1640 576 nisi
1666 523 1796 593 ipse
1824 523 1886 575 in
1912 538 2135 594 rogum
2159 538 2319 577 meum

390 611 733 679 impunitum
765 608 947 679 Ergo,
981 610 1293 665 carissime
1331 614 1513 680 pater,
1550 614 1607 666 et
1651 595 1905 682 propter'
1936 627 2033 666 me
2081 612 2321 667 morieris

388 707 444 755 al.
475 719 721 755 [nez-mn.
762 699 885 771 Ego
907 699 1017 753 tibi
1034 699 1217 753 vitam
1246 700 1460 768 adime,
1489 715 1601 771 ego
1633 704 2001 756 senectutem
2028 703 2185 755 tuam
2212 717 2319 755 exs-

392 791 621 859 lisng=.==.·]
661 787 805 851 Quid
836 788 993 841 enim
1029 802 1123 843 me
1159 788 1520 857 procreabas
1547 787 1867 854 infelicem,
1896 789 2323 844 adversantibus

386 877 521 931 dis?
551 877 675 930 an*⁷
707 880 765 930 ut
795 876 905 930 hos
949 891 1023 930 ex
1064 891 1158 930 me
1195 876 1428 931 fructus
1457 878 1819 947 perciperes,
1850 879 1951 949 qui
1980 880 2038 932 te
2068 877 2322 932 manent?

384 965 625 1035 Nesci0,
649 966 1048 1020 adolescentia
1076 980 1207 1019 mea
1221 965 1503 1020 miserior
1520 966 1652 1020 εἰμ’
1672 982 1748 1020 an
1771 970 2051 1021 senectus
2079 971 2208 1022 tua:
2231 983 2321 1037 ego

382 1052 445 1109 in
475 1054 604 1124 ipso
635 1054 849 1110 robore
878 1055 1072 1109 aetatis
1094 1055 1356 1124 eripior:
1394 1055 1502 1109 tibi
1532 1054 1795 1110 carnifex
1815 1056 2094 1126 spiritum
2113 1056 2321 1123 adimet,

385 1157 582 1213 quem,
615 1143 670 1197 si
699 1142 935 1198 fortuna
965 1146 1311 1213 exspectare
1338 1142 1647 1211 voluisset,
1682 1146 1895 1198 natura
1922 1144 2227 1214 poscebat.

450 1231 771 1286 Admonuit
797 1248 892 1286 me
920 1232 1110 1302 patris
1139 1233 1254 1286 mei
1284 1232 1526 1299 menti0,
1551 1248 1727 1302 quam
1757 1231 1956 1287 timide
1985 1236 2043 1287 et
2070 1237 2324 1289 cunctan-

381 1321 500 1388 ter„
518 1336 647 1391 quae
675 1319 983 1376 Cebalinus
1013 1320 1297 1375 detulerat
1325 1321 1398 1375 ad
1426 1337 1539 1389 me,
1570 1321 1832 1375 indicare
1858 1321 2184 1376 debuerim.
2204 1323 2325 1376 Par-

380 1409 571 1464 menio
601 1409 779 1477 enim,
810 1425 945 1464 cum
981 1408 1243 1464 audisset
1279 1424 1574 1463 venenum
1601 1424 1634 1462 a
1665 1409 1938 1480 Philippo
1966 1409 2194 1466 medico
2212 1411 2326 1482 regi

378 1499 593 1568 parari,
637 1499 936 1554 deterrere
965 1513 1102 1553 eum
1130 1498 1336 1566 voluit,
1368 1497 1673 1569 epistola²⁹
1712 1499 1955 1568 scripta,
1990 1514 2109 1569 quo
2146 1502 2325 1554 minus

377 1586 867 1644 medicamentum
911 1587 1162 1655 biberet,
1212 1586 1371 1659 quod
1426 1586 1693 1642 medicus
1747 1586 1890 1641 dare
1938 1588 2320 1644 constituerat.

377 1675 533 1730 Num
564 1676 848 1731 creditum
876 1680 967 1730 est
994 1675 1149 1745 patri
1174 1676 1354 1730 meo?
1386 1690 1528 1728 num
1565 1674 1745 1729 ullam
1781 1676 2190 1731 auctoritatem
2213 1677 2322 1745 ejus

376 1762 585 1819 litterae
615 1765 989 1820 habuerunt?
1017 1764 1146 1836 Ego
1175 1764 1330 1835 ipse,
1360 1765 1630 1835 quotiens
1651 1780 1782 1834 quae
1802 1764 2107 1820 audieram
2138 1764 2317 1831 detuli,

375 1868 511 1908 cum
537 1852 792 1909 ludibrio
835 1853 1199 1908 credulitatis
1246 1852 1527 1923 repulsus
1567 1869 1719 1906 sum.
1760 1851 1827 1907 Si
1856 1856 1933 1921 et,
1966 1870 2100 1910 cum
2126 1854 2318 1908 indica-

373 1957 527 2009 mus,
566 1942 770 2011 invisi,
802 1946 878 2013 et,
909 1957 1043 1998 cum
1085 1945 1369 2012 tacemuS,
1411 1942 1674 2013 suspecti
1715 1956 1944 2011 eumue,
1980 1943 2122 2015 quid
2147 1941 2318 1997 facere

374 2046 486 2086 nos
515 2033 789 2101 oportet?
821 2048 846 2083 ι

443 2118 706 2190 Cumque
723 2136 882 2175 unus
910 2136 944 2175 e
973 2120 1484 2177 circumstantium
1511 2121 1681 2176 turba
1701 2120 2114 2187 exclamasset,
2136 2145 2158 2171 α
2175 2122 2316 2176 Bene

372 2208 601 2263 meritis
628 2224 748 2263 non
775 2206 1121 2264 insidiari⁸⁰l
1152 2231 1174 2258 »
1211 2208 1479 2263 Philotas
1504 2224 1516 2263 :
1553 2228 1579 2260 α
1603 2210 1803 2276 Recte,
1834 2210 2043 2280 inquit,
2069 2206 2316 2281 quisquis

372 2311 458 2363 ee,
490 2297 661 2352 dicis,
703 2297 903 2370 Itaque
948 2297 1004 2351 si
1048 2295 1359 2351 insidiatus
1398 2312 1549 2363 sum,
1581 2312 1819 2366 poenam
1863 2314 1985 2352 non
2032 2298 2313 2370 deprecor,

372 2387 431 2440 et
469 2384 644 2441 finem
683 2385 830 2441 facio
880 2384 1133 2454 dicendi,
1166 2387 1448 2457 quoniam
1497 2386 1699 2440 ultima
1742 2387 1925 2441 verba
1963 2388 2170 2459 gravia
2195 2386 2317 2441 sunt

370 2473 506 2528 visa
545 2474 812 2532 auribus,
847 2497 870 2523 »
903 2474 1232 2530 Abducitur
1270 2475 1484 2529 deinde
1524 2474 1599 2529 ab
1636 2475 1734 2545 iis,
1778 2476 1879 2547 qui
1921 2474 2316 2532 custodiebant

373 2577 534 2621 Qum.

2438 2201 2448 2386 -4-—-‚—„-
2441 2160 2448 2193 -„-
2441 2117 2449 2151 ᾧ
2441 2077 2449 2106 .-

1162 2704 1416 2760 CAPUT
1452 2704 1534 2759 XI

431 2854 684 2907 Discours
713 2858 777 2907 de
808 2857 993 2907 Bolon.
1022 2883 1085 2893 —
1113 2856 1346 2906 Philotas
1378 2855 1479 2904 mis
1513 2855 1543 2904 a
1574 2856 1625 2905 la
1656 2860 1873 2907 torture.
1902 2883 1967 2894 —
1992 2859 2064 2911 Sa
2095 2860 2249 2907 mort.

1139 2982 1401 3037 (Automne,
1430 2980 1552 3035 330.)

436 3130 577 3187 Erat
607 3111 762 3187 inter
789 3134 968 3189 duces
991 3148 1173 3187 manu
1203 3132 1486 3188 strenuus
1515 3131 1705 3186 Bolon
1735 3134 1995 3203 quidam,
2026 3136 2189 3207 pacis
2216 3146 2309 3186 ar-

475 3333 487 3345 .
521 3298 888 3354 Aequiescentem.
909 3300 982 3343 Cf.
1006 3298 1113 3354 plus
1140 3298 1297 3353 haut§
1320 3304 1367 3344 9.

475 3392 486 3403 .
521 3363 590 3404 An
617 3361 732 3404 dans
753 3360 1116 3417 l'interrogation
1142 3361 1313 3415 simple
1340 3366 1415 3405 est
1437 3362 1584 3406 moins
1612 3359 1828 3417 frequent
1850 3377 1942 3421 que
1967 3377 2063 3409 num
2082 3376 2139 3409 ou
2163 3371 2236 3406 ne.

476 3453 487 3465 .
523 3422 734 3468 Miserior
758 3422 834 3474 sit.
867 3421 1030 3476 ellipse
1057 3423 1116 3468 de
1138 3425 1307 3467 utrum.
1336 3423 1410 3467 cf.
1436 3426 1511 3481 111,
1535 3434 1632 3473 vm.
1649 3430 1758 3470 note
1786 3428 1860 3471 13.

472 3514 487 3529 .
519 3484 743 3537 Epistola.
774 3484 843 3529 Cf.
874 3485 950 3536 111,
970 3489 1088 3537 v1,4.

477 3577 488 3587 .
521 3546 614 3588 Non
641 3545 854 3587 itwidiari
882 3544 1064 3597 depend
1082 3546 1140 3588 de
1167 3550 1331 3599 oportet
1349 3548 1407 3592 de
1435 3548 1480 3589 la
1508 3548 1676 3602 phrase
1706 3550 2002 3605 precedente.

413 3303 470 3589 &2888ssss
