2517 3975
154 451 305 505 ·22

232 715 306 771 23

237 2047 308 2102 27

239 2397 310 2452 28

240 2748 314 2804 29

163 2837 313 2894 ’80

358 237 428 294 32
1116 254 1173 301 Q.
1215 254 1390 298 cum-1
1421 251 1559 292 num

358 362 555 432 utique
586 363 809 418 certum
825 376 981 427 esse,
1006 360 1257 417 honeste
1280 364 1492 416 etcum
1518 374 1731 431 magna
1750 359 1925 416 laude
1947 359 2320 413 moriturum.

358 450 559 521 Itaque
588 463 839 519 corpora
867 448 1085 503 milites
1107 463 1317 504 curare
1341 449 1526 520 jussit
1547 463 1615 502 ac
1644 446 1854 503 deinde
1883 447 2058 501 tertia
2079 445 2324 516 vigilia*

358 538 681 610 instructos
727 540 786 592 et
829 541 1092 592 armatos
1140 552 1298 592 esse.
1352 538 1486 608 Ipse
1553 536 1615 590 in
1654 536 1872 607 jugum
1920 535 2060 589 editi
2108 536 2329 589 montis

359 627 641 692 escendit,
673 624 991 696 multisque
1012 625 1437 682 collucentibus
1465 624 1711 694 facibuS,
1741 624 1930 694 patrio
1961 638 2126 678 more
2141 623 2328 678 sacri-

359 715 559 770 ficium
584 715 677 769 dis
710 714 1074 788 praesidibus
1100 715 1214 770 loci
1235 715 1396 771 fecit.
1419 714 1667 784 Jamque
1684 714 1945 780 tertium,
1978 713 2129 766 sicut
2175 729 2328 782 prae-

359 807 582 874 ceptum
605 806 749 872 erat,
771 803 1017 875 signum
1044 803 1219 859 tuba*
1239 804 1415 860 miles
1436 805 1762 873 acceperat,
1786 801 1988 856 itineri
2016 801 2195 855 simul
2226 818 2330 873 pa-

358 896 525 947 ratus
553 908 620 946 ac
655 892 864 962 proelio
897 907 910 945 :
945 894 1309 964 strenueque
1353 892 1516 963 jussi
1557 890 1900 963 procedere,
1934 890 2162 945 oriente
2193 889 2329 945 luce

359 982 757 1052 pervenerunt
785 980 858 1035 ad
896 981 1224 1053 angustiaS,
1255 997 1404 1052 quas
1435 996 1725 1051 occupare
1755 980 2167 1035 decreverant.
2205 978 2328 1034 Da-

360 1071 518 1124 rium
558 1087 683 1123 xxx
730 1069 867 1147 inde
914 1069 1144 1124 stadia*
1174 1072 1385 1126 abesse
1422 1070 1722 1140 praemissi
1759 1069 2121 1123 indicabant.
2165 1068 2332 1123 Tunc

362 1157 687 1213 consistere
726 1173 940 1230 agmen
983 1157 1172 1229 jubet,
1217 1159 1520 1228 armisque
1572 1159 1702 1228 ipse
1733 1157 1985 1227 sumptis
2015 1156 2202 1211 aciem
2233 1172 2330 1211 or·
2390 1143 2394 1147 ⁴

361 1245 546 1303 dinat.

433 1334 612 1389 Dario
651 1334 967 1390 adventum
1014 1334 1276 1390 hostium
1322 1335 1524 1405 pavidi
1571 1336 1849 1406 agrestes
1885 1334 2329 1401 nuntiaverunt,

360 1423 464 1477 vix
491 1423 752 1480 credenti
785 1438 1101 1481 occurrere
1125 1422 1319 1491 etiam,
1345 1439 1496 1494 quos
1523 1429 1588 1479 ut
1617 1424 1914 1496 fugientes
1937 1422 2328 1493 sequebatur.

361 1510 522 1588 Ergo
567 1528 690 1568 non
737 1512 1054 1567 mediocris
1096 1512 1361 1567 omnium
1407 1511 1637 1567 animos
1680 1512 1927 1567 incessit
1973 1511 2230 1565 formido
2259 1541 2336 1551 --

362 1601 580 1670 quippe
607 1601 803 1674 itineri
835 1616 1008 1670 quam
1028 1600 1239 1671 proelio
1261 1601 1520 1670 aptiores
1542 1603 1711 1655 erant
1729 1631 1801 1640 —-
1819 1600 2148 1672 raptimque
2165 1614 2335 1654 arma

362 1688 688 1757 capiebant.
735 1688 851 1744 Sed
897 1689 1032 1761 ipsa
1073 1689 1381 1744 festinatio
1429 1688 1893 1744 discurrentium
1949 1703 2210 1757 suosque
2259 1687 2335 1742 ad

363 1793 527 1832 arma
564 1779 903 1833 vocantium
950 1778 1239 1850 majorem
1285 1782 1508 1834 metum
1551 1779 1848 1833 incussit:
1891 1778 1992 1831 alii
2030 1778 2092 1830 in
2118 1776 2337 1848 jugum

362 1865 582 1919 montis
635 1870 969 1934 evaserant,
1016 1869 1081 1921 ut
1137 1866 1402 1922 hostium
1449 1881 1661 1939 agmen
1712 1865 1853 1920 inde
1899 1864 2331 1935 prospicerent,

364 1968 553 2025 equos
589 1953 858 2027 plerique
900 1953 1228 2012 frenabant.
1261 1953 1508 2010 Discors
1547 1955 1864 2023 exercitus,
1899 1968 2006 2008 nec
2046 1950 2119 2007 ad
2146 1968 2338 2006 unum

364 2044 627 2101 intentus
653 2042 987 2115 imperium,
1009 2043 1179 2099 vario
1209 2043 1461 2098 tumultu
1486 2046 1691 2099 cuncta
1711 2043 2064 2097 turbaverat.
2086 2039 2332 2108 DariuS,

364 2131 556 2202 initio,
581 2132 798 2204 jugum
820 2132 1043 2195 montis
1082 2148 1217 2187 cum
1243 2136 1409 2203 parte
1454 2133 1758 2203 copiarum
1788 2145 2075 2200 occupare
2105 2129 2337 2200 statuit,

364 2224 423 2276 et
457 2237 492 2276 a
522 2222 716 2276 fronte
746 2222 802 2276 et
829 2237 863 2275 a
890 2224 1060 2293 tergo
1090 2222 1510 2279 circumiturus
1547 2222 1800 2291 hostem,
1831 2236 1863 2275 a
1893 2219 2043 2274 mari
2071 2233 2334 2290 quoque,

362 2326 481 2380 quo
527 2311 801 2366 dextrum
846 2309 1040 2385 ejus¹⁰
1071 2325 1258 2364 cornu
1297 2311 1619 2381 tegebatur,
1655 2310 1805 2365 alios
1854 2308 2217 2379 objecturuS,
2270 2311 2347 2362 ut

366 2396 639 2467 undique*
654 2400 913 2470 urgeret.
948 2396 1177 2452 Praeter
1203 2397 1351 2467 haec,
1380 2397 1598 2471 viginti
1626 2397 1810 2453 millia
1846 2396 2159 2467 praemissa
2197 2411 2347 2449 cum

367 2484 846 2555 sagittariorum*
873 2502 1048 2542 manu
1079 2486 1357 2540 Pinarum
1394 2502 1647 2555 amnem,
1672 2489 1772 2557 qui
1812 2486 1923 2540 duo
1963 2485 2203 2556 agmina
2241 2483 2349 2537 in-

365 2573 694 2643 terfluebat,
728 2575 977 2631 transire
1006 2583 1061 2631 et
1089 2574 1353 2646 objicere
1381 2590 1518 2631 sese
1555 2575 1939 2631 Macedonum
1976 2573 2165 2644 copiis
2197 2571 2350 2643 jus-

368 2663 525 2716 serat
555 2679 570 2716 :
611 2663 669 2716 si
693 2663 754 2718 id
780 2668 1067 2735 praestare
1110 2679 1229 2718 non
1266 2667 1536 2734 possent,
1566 2663 1941 2720 retrocedere
1969 2664 2033 2717 in
2072 2664 2347 2731 montes„

370 2750 426 2802 et
473 2748 702 2804 occulte
744 2751 1055 2808 circumire
1100 2751 1338 2808 ultimos
1380 2746 1663 2807 hostium.
1706 2755 2000 2818 Ceterum,
2038 2750 2355 2805 destinata

368 2836 708 2908 salubriter,
731 2842 892 2895 omni
911 2843 1139 2897 ratione
1156 2841 1474 2912 potentior,
1497 2841 1733 2896 fortuna
1758 2840 2076 2896 discussit:
2110 2838 2357 2910 quippe

368 2926 470 2981 alii
494 2943 620 2997 prae
648 2932 806 2984 metu
834 2931 1144 3002 imperium
1186 2932 1436 3002 exsequi
1463 2946 1580 2995 non
1619 2930 1932 2999 audebant,
1966 2928 2068 2984 alii
2107 2928 2360 2984 frustra

366 3016 856 3091 exsequebantur,
889 3021 1047 3095 quia,
1076 3018 1180 3076 ubi
1208 3024 1409 3093 parte‘s
1435 3020 1653 3086 labant,
1690 3035 1922 3075 summa
1950 3018 2246 3073 turbatur.

363 3252 547 3300 l'eviter
575 3255 664 3310 (lv,
692 3267 772 3313 xv,
789 3258 886 3312 80).
915 3257 991 3303 Cf.
1014 3259 1143 3304 aussi
1178 3262 1251 3317 lv,
1272 3272 1322 3316 x,
1345 3262 1521 3317 1631v,
1546 3270 1644 3313 xm,
1672 3260 1731 3314 83
1757 3258 1827 3311 Vl,
1846 3267 1918 3312 ω,
1939 3261 1991 3310 ⁴3
2016 3258 2068 3310 X,
2089 3266 2159 3309 ¹¹2
2189 3253 2267 3302 Η-
2301 3280 2376 3294 ··-

364 3317 476 3361 nais
494 3317 556 3362 iel
583 3319 780 3372 (comme
806 3320 1014 3375 ailleurs,
1042 3324 1092 3373 v.
1111 3334 1155 3377 v,
1171 3322 1243 3375 163
1274 3323 1325 3378 V,
1345 3324 1540 3378 snm..
1557 3322 1613 3380 .).
1656 3322 1821 3374 Quinte
1851 3322 1996 3364 curce
2016 3316 2219 3372 emploie
2245 3320 2379 3367 du—

367 3380 483 3424 bium
510 3383 579 3425 est
608 3391 681 3435 an,
705 3381 821 3426 dans
836 3381 880 3426 le
900 3392 1009 3425 sens
1028 3383 1229 3439 franceis
1256 3386 1415 3431 douter
1438 3386 1481 3430 si
1496 3399 1513 3430 .·
1528 3386 1568 3431 11
1585 3384 1700 3430 eluit
1720 3383 1913 3428 douteus:
1938 3380 2015 3424 e‘il
2033 3380 2287 3437 tainorait,
2325 3387 2381 3434 il

364 3443 482 3546 eguit
495 3442 718 3513 ‘incer-cain
734 3442 813 3487 s’ie
830 3443 1071 3491 ναὶποναίι.
1095 3444 1218 3492 C'est
1237 3459 1329 3494 une
1348 3447 1671 3494 construction
1684 3446 1766 3505 qui
1791 3445 1912 3490 n'est
1939 3454 2021 3500 pas
2040 3442 2099 3489 de
2117 3442 2384 3505 l'epoque

367 3515 395 3548 c
414 3514 624 3559 assiqua.

421 3564 495 3612 19.
526 3565 657 3622 Em,
683 3565 966 3621 Alexandro.
