<?xml version="1.0" encoding="UTF-8"?>
<!DOCTYPE html PUBLIC "-//W3C//DTD XHTML 1.0 Transitional//EN"
    "http://www.w3.org/TR/xhtml1/DTD/xhtml1-transitional.dtd">
<html xmlns="http://www.w3.org/1999/xhtml" xml:lang="en" lang="en">
 <head>
  <title>
</title>
<meta http-equiv="Content-Type" content="text/html;charset=utf-8" />
  <meta name='ocr-system' content='tesseract 3.04.00' />
  <meta name='ocr-capabilities' content='ocr_page ocr_carea ocr_par ocr_line ocrx_word'/>
</head>
<body>
  <div class='ocr_page' id='page_1' title='image "./qcurtirufihisto00brelgoog_0360.png"; bbox 0 0 2517 3975; ppageno 0'>
   <div class='ocr_carea' id='block_1_1' title="bbox 299 507 368 562">
    <p class='ocr_par' dir='ltr' id='par_1_1' title="bbox 299 507 368 562">
     <span class='ocr_line' id='line_1_1' title="bbox 299 507 368 562; baseline 0 0"><span class='ocrx_word' id='word_1_1' title='bbox 299 507 368 562; x_wconf 84' lang='lat'>16</span> 
     </span>
    </p>
   </div>
   <div class='ocr_carea' id='block_1_2' title="bbox 296 683 365 740">
    <p class='ocr_par' dir='ltr' id='par_1_2' title="bbox 296 683 365 740">
     <span class='ocr_line' id='line_1_2' title="bbox 296 683 365 740; baseline -0.029 0"><span class='ocrx_word' id='word_1_2' title='bbox 296 683 365 740; x_wconf 82' lang='lat'>17</span> 
     </span>
    </p>
   </div>
   <div class='ocr_carea' id='block_1_3' title="bbox 296 1115 365 1182">
    <p class='ocr_par' dir='ltr' id='par_1_3' title="bbox 296 1115 365 1182">
     <span class='ocr_line' id='line_1_3' title="bbox 296 1115 365 1182; baseline 0.014 -1"><span class='ocrx_word' id='word_1_3' title='bbox 296 1115 365 1182; x_wconf 79' lang='lat'>‘18</span> 
     </span>
    </p>
   </div>
   <div class='ocr_carea' id='block_1_4' title="bbox 297 1392 366 1448">
    <p class='ocr_par' dir='ltr' id='par_1_4' title="bbox 297 1392 366 1448">
     <span class='ocr_line' id='line_1_4' title="bbox 297 1392 366 1448; baseline 0.029 -2"><span class='ocrx_word' id='word_1_4' title='bbox 297 1392 366 1448; x_wconf 84' lang='lat'>19</span> 
     </span>
    </p>
   </div>
   <div class='ocr_carea' id='block_1_5' title="bbox 295 1746 367 1803">
    <p class='ocr_par' dir='ltr' id='par_1_5' title="bbox 295 1746 367 1803">
     <span class='ocr_line' id='line_1_5' title="bbox 295 1746 367 1803; baseline 0.042 -3"><span class='ocrx_word' id='word_1_5' title='bbox 295 1746 367 1803; x_wconf 87' lang='grc'>20</span> 
     </span>
    </p>
   </div>
   <div class='ocr_carea' id='block_1_6' title="bbox 292 2015 359 2068">
    <p class='ocr_par' dir='ltr' id='par_1_6' title="bbox 292 2015 359 2068">
     <span class='ocr_line' id='line_1_6' title="bbox 292 2015 359 2068; baseline 0 0"><span class='ocrx_word' id='word_1_6' title='bbox 292 2015 359 2068; x_wconf 90' lang='grc'>21</span> 
     </span>
    </p>
   </div>
   <div class='ocr_carea' id='block_1_7' title="bbox 292 2455 361 2510">
    <p class='ocr_par' dir='ltr' id='par_1_7' title="bbox 292 2455 361 2510">
     <span class='ocr_line' id='line_1_7' title="bbox 292 2455 361 2510; baseline 0 0"><span class='ocrx_word' id='word_1_7' title='bbox 292 2455 361 2510; x_wconf 86' lang='grc'>22</span> 
     </span>
    </p>
   </div>
   <div class='ocr_carea' id='block_1_8' title="bbox 292 2633 362 2686">
    <p class='ocr_par' dir='ltr' id='par_1_8' title="bbox 292 2633 362 2686">
     <span class='ocr_line' id='line_1_8' title="bbox 292 2633 362 2686; baseline 0 0"><span class='ocrx_word' id='word_1_8' title='bbox 292 2633 362 2686; x_wconf 82' lang='grc'>23</span> 
     </span>
    </p>
   </div>
   <div class='ocr_carea' id='block_1_9' title="bbox 424 206 1627 265">
    <p class='ocr_par' dir='ltr' id='par_1_9' title="bbox 424 206 1627 265">
     <span class='ocr_line' id='line_1_9' title="bbox 424 206 1627 265; baseline -0.003 -4"><span class='ocrx_word' id='word_1_9' title='bbox 424 206 533 261; x_wconf 74' lang='grc'><strong>320</strong></span> <span class='ocrx_word' id='word_1_10' title='bbox 1186 221 1238 265; x_wconf 85' lang='lat' dir='ltr'>Q.</span> <span class='ocrx_word' id='word_1_11' title='bbox 1282 220 1452 258; x_wconf 72' lang='lat' dir='ltr'>curu-1</span> <span class='ocrx_word' id='word_1_12' title='bbox 1491 221 1627 258; x_wconf 74' lang='lat' dir='ltr'>aum</span> 
     </span>
    </p>
   </div>
   <div class='ocr_carea' id='block_1_10' title="bbox 421 326 2376 578">
    <p class='ocr_par' dir='ltr' id='par_1_10' title="bbox 421 326 2376 578">
     <span class='ocr_line' id='line_1_10' title="bbox 423 326 2371 401; baseline -0.001 -20"><span class='ocrx_word' id='word_1_13' title='bbox 423 343 597 401; x_wconf 87' lang='lat' dir='ltr'>quam</span> <span class='ocrx_word' id='word_1_14' title='bbox 637 342 780 382; x_wconf 83' lang='lat' dir='ltr'>vero</span> <span class='ocrx_word' id='word_1_15' title='bbox 810 326 851 355; x_wconf 82' lang='lat'>¹⁸</span> <span class='ocrx_word' id='word_1_16' title='bbox 894 327 1178 382; x_wconf 85' lang='lat' dir='ltr'>sustineri</span> <span class='ocrx_word' id='word_1_17' title='bbox 1232 342 1416 397; x_wconf 87' lang='lat' dir='ltr'>posse</span> <span class='ocrx_word' id='word_1_18' title='bbox 1468 329 1788 384; x_wconf 70' lang='lat' dir='ltr'>credebat?</span> <span class='ocrx_word' id='word_1_19' title='bbox 1834 327 1985 381; x_wconf 90' lang='lat' dir='ltr'><strong>Olim</strong></span> <span class='ocrx_word' id='word_1_20' title='bbox 2015 327 2074 394; x_wconf 84' lang='lat'>¹⁹,</span> <span class='ocrx_word' id='word_1_21' title='bbox 2125 327 2371 390; x_wconf 77' lang='lat' dir='ltr'>hercule,</span> 
     </span>
     <span class='ocr_line' id='line_1_11' title="bbox 421 415 2257 488; baseline 0 -18"><span class='ocrx_word' id='word_1_22' title='bbox 421 416 786 488; x_wconf 81' lang='lat' dir='ltr'><strong>fugissemus</strong></span> <span class='ocrx_word' id='word_1_23' title='bbox 814 431 887 470; x_wconf 83' lang='lat' dir='ltr'>ex</span> <span class='ocrx_word' id='word_1_24' title='bbox 916 416 1081 484; x_wconf 86' lang='lat' dir='ltr'>Asia,</span> <span class='ocrx_word' id='word_1_25' title='bbox 1115 416 1168 469; x_wconf 92' lang='lat' dir='ltr'>si</span> <span class='ocrx_word' id='word_1_26' title='bbox 1197 431 1308 470; x_wconf 91' lang='lat' dir='ltr'>nos</span> <span class='ocrx_word' id='word_1_27' title='bbox 1337 415 1552 470; x_wconf 80' lang='lat' dir='ltr'>fabulae</span> <span class='ocrx_word' id='word_1_28' title='bbox 1583 416 1879 471; x_wconf 87' lang='lat' dir='ltr'>debellare</span> <span class='ocrx_word' id='word_1_29' title='bbox 1907 417 2257 486; x_wconf 89' lang='lat' dir='ltr'>potuissent.</span> 
     </span>
     <span class='ocr_line' id='line_1_12' title="bbox 491 503 2376 578; baseline -0.002 -19"><span class='ocrx_word' id='word_1_30' title='bbox 491 503 823 559; x_wconf 82' lang='lat' dir='ltr'><strong>Creditisne</strong></span> <span class='ocrx_word' id='word_1_31' title='bbox 888 504 1340 574; x_wconf 79' lang='lat' dir='ltr'>elephantorum</span> <span class='ocrx_word' id='word_1_32' title='bbox 1406 521 1624 578; x_wconf 79' lang='lat' dir='ltr'>greges</span> <span class='ocrx_word' id='word_1_33' title='bbox 1692 505 1954 576; x_wconf 83' lang='lat' dir='ltr'>majores</span> <span class='ocrx_word' id='word_1_34' title='bbox 2011 520 2173 568; x_wconf 88' lang='lat' dir='ltr'>esse,</span> <span class='ocrx_word' id='word_1_35' title='bbox 2220 519 2376 574; x_wconf 87' lang='lat' dir='ltr'>quam</span> 
     </span>
    </p>
   </div>
   <div class='ocr_carea' id='block_1_11' title="bbox 420 593 2456 663">
    <p class='ocr_par' dir='ltr' id='par_1_11' title="bbox 420 593 2456 663">
     <span class='ocr_line' id='line_1_13' title="bbox 420 593 2456 663; baseline -0.001 -16"><span class='ocrx_word' id='word_1_36' title='bbox 420 607 669 663; x_wconf 78' lang='lat' dir='ltr'>usquam</span> <span class='ocrx_word' id='word_1_37' title='bbox 697 593 1160 647; x_wconf 79' lang='lat' dir='ltr'>armentorum’0</span> <span class='ocrx_word' id='word_1_38' title='bbox 1190 596 1347 659; x_wconf 89' lang='lat' dir='ltr'>sunt,</span> <span class='ocrx_word' id='word_1_39' title='bbox 1382 609 1514 647; x_wconf 88' lang='lat' dir='ltr'>cum</span> <span class='ocrx_word' id='word_1_40' title='bbox 1562 598 1617 648; x_wconf 89' lang='lat' dir='ltr'>et</span> <span class='ocrx_word' id='word_1_41' title='bbox 1660 609 1861 648; x_wconf 85' lang='lat' dir='ltr'>rarum</span> <span class='ocrx_word' id='word_1_42' title='bbox 1911 594 1987 647; x_wconf 90' lang='lat' dir='ltr'>sit</span> <span class='ocrx_word' id='word_1_43' title='bbox 2020 594 2242 658; x_wconf 85' lang='lat' dir='ltr'>animal,</span> <span class='ocrx_word' id='word_1_44' title='bbox 2273 608 2377 645; x_wconf 90' lang='lat' dir='ltr'>nec</span> <span class='ocrx_word' id='word_1_45' title='bbox 2455 609 2456 614; x_wconf 48' lang='lat'>¹</span> 
     </span>
    </p>
   </div>
   <div class='ocr_carea' id='block_1_12' title="bbox 415 680 2378 2876">
    <p class='ocr_par' dir='ltr' id='par_1_12' title="bbox 416 680 2378 2435">
     <span class='ocr_line' id='line_1_14' title="bbox 419 680 2375 754; baseline -0.001 -19"><span class='ocrx_word' id='word_1_46' title='bbox 419 680 591 735; x_wconf 86' lang='lat' dir='ltr'>facile</span> <span class='ocrx_word' id='word_1_47' title='bbox 619 683 901 752; x_wconf 86' lang='lat' dir='ltr'>capiatur,</span> <span class='ocrx_word' id='word_1_48' title='bbox 935 681 1236 752; x_wconf 89' lang='lat' dir='ltr'>multoque</span> <span class='ocrx_word' id='word_1_49' title='bbox 1276 681 1579 737; x_wconf 80' lang='lat' dir='ltr'>difficilius</span> <span class='ocrx_word' id='word_1_50' title='bbox 1608 683 1954 754; x_wconf 75' lang='lat' dir='ltr'>mitigetur?</span> <span class='ocrx_word' id='word_1_51' title='bbox 1984 683 2159 752; x_wconf 82' lang='lat' dir='ltr'><strong>Atqui</strong></span> <span class='ocrx_word' id='word_1_52' title='bbox 2185 682 2375 736; x_wconf 88' lang='lat' dir='ltr'>eadem</span> 
     </span>
     <span class='ocr_line' id='line_1_15' title="bbox 419 769 2371 842; baseline -0.001 -18"><span class='ocrx_word' id='word_1_53' title='bbox 419 770 652 824; x_wconf 84' lang='lat' dir='ltr'>vanitas</span> <span class='ocrx_word' id='word_1_54' title='bbox 676 770 877 840; x_wconf 88' lang='lat' dir='ltr'>copias</span> <span class='ocrx_word' id='word_1_55' title='bbox 905 769 1166 839; x_wconf 86' lang='lat' dir='ltr'>peditum</span> <span class='ocrx_word' id='word_1_56' title='bbox 1187 770 1568 842; x_wconf 76' lang='lat' dir='ltr'>equitumque</span> <span class='ocrx_word' id='word_1_57' title='bbox 1594 770 1945 824; x_wconf 82' lang='lat' dir='ltr'>numeravit.</span> <span class='ocrx_word' id='word_1_58' title='bbox 1974 769 2124 823; x_wconf 90' lang='lat' dir='ltr'>Nam</span> <span class='ocrx_word' id='word_1_59' title='bbox 2155 770 2371 836; x_wconf 82' lang='lat' dir='ltr'>flumen,</span> 
     </span>
     <span class='ocr_line' id='line_1_16' title="bbox 421 858 2374 930; baseline -0.001 -17"><span class='ocrx_word' id='word_1_60' title='bbox 421 874 536 929; x_wconf 90' lang='lat' dir='ltr'>quo</span> <span class='ocrx_word' id='word_1_61' title='bbox 575 859 752 913; x_wconf 88' lang='lat' dir='ltr'>latius</span> <span class='ocrx_word' id='word_1_62' title='bbox 787 858 985 911; x_wconf 86' lang='lat' dir='ltr'>fusum</span> <span class='ocrx_word' id='word_1_63' title='bbox 1028 860 1138 925; x_wconf 83' lang='lat' dir='ltr'>est,</span> <span class='ocrx_word' id='word_1_64' title='bbox 1177 858 1292 912; x_wconf 90' lang='lat' dir='ltr'>hoc</span> <span class='ocrx_word' id='word_1_65' title='bbox 1339 858 1632 927; x_wconf 87' lang='lat' dir='ltr'>placidius</span> <span class='ocrx_word' id='word_1_66' title='bbox 1676 861 1959 930; x_wconf 87' lang='lat' dir='ltr'>stagnat:</span> <span class='ocrx_word' id='word_1_67' title='bbox 1995 860 2228 929; x_wconf 87' lang='lat' dir='ltr'>quippe,</span> <span class='ocrx_word' id='word_1_68' title='bbox 2271 873 2374 911; x_wconf 85' lang='lat' dir='ltr'>an-</span> 
     </span>
     <span class='ocr_line' id='line_1_17' title="bbox 420 947 2377 1020; baseline -0.001 -19"><span class='ocrx_word' id='word_1_69' title='bbox 420 948 617 1020; x_wconf 89' lang='lat' dir='ltr'>gustis</span> <span class='ocrx_word' id='word_1_70' title='bbox 656 948 808 1018; x_wconf 83' lang='lat' dir='ltr'>ripis</span> <span class='ocrx_word' id='word_1_71' title='bbox 846 947 1121 1014; x_wconf 88' lang='lat' dir='ltr'>coercita,</span> <span class='ocrx_word' id='word_1_72' title='bbox 1157 951 1213 1001; x_wconf 91' lang='lat' dir='ltr'>et</span> <span class='ocrx_word' id='word_1_73' title='bbox 1250 947 1314 1001; x_wconf 92' lang='lat' dir='ltr'>in</span> <span class='ocrx_word' id='word_1_74' title='bbox 1354 948 1761 1018; x_wconf 85' lang='lat' dir='ltr'>angustiorem</span> <span class='ocrx_word' id='word_1_75' title='bbox 1801 948 2032 1002; x_wconf 89' lang='lat' dir='ltr'>alveum</span> <span class='ocrx_word' id='word_1_76' title='bbox 2071 947 2235 1015; x_wconf 89' lang='lat' dir='ltr'>elisa,</span> <span class='ocrx_word' id='word_1_77' title='bbox 2262 950 2377 1001; x_wconf 88' lang='lat' dir='ltr'>tor-</span> 
     </span>
     <span class='ocr_line' id='line_1_18' title="bbox 418 1034 2376 1109; baseline -0.001 -18"><span class='ocrx_word' id='word_1_78' title='bbox 418 1039 620 1091; x_wconf 83' lang='lat' dir='ltr'>rentes</span> <span class='ocrx_word' id='word_1_79' title='bbox 640 1051 824 1106; x_wconf 86' lang='lat' dir='ltr'>aquas</span> <span class='ocrx_word' id='word_1_80' title='bbox 840 1034 1101 1090; x_wconf 87' lang='lat' dir='ltr'>invehun</span> <span class='ocrx_word' id='word_1_81' title='bbox 1144 1036 1212 1099; x_wconf 78' lang='lat'>²¹;</span> <span class='ocrx_word' id='word_1_82' title='bbox 1239 1040 1468 1105; x_wconf 89' lang='lat' dir='ltr'>contra,</span> <span class='ocrx_word' id='word_1_83' title='bbox 1490 1037 1682 1106; x_wconf 86' lang='lat' dir='ltr'>spatio</span> <span class='ocrx_word' id='word_1_84' title='bbox 1706 1037 1880 1104; x_wconf 88' lang='lat' dir='ltr'>alvei,</span> <span class='ocrx_word' id='word_1_85' title='bbox 1910 1038 2154 1109; x_wconf 79' lang='lat' dir='ltr'>segnior</span> <span class='ocrx_word' id='word_1_86' title='bbox 2173 1052 2376 1089; x_wconf 91' lang='lat' dir='ltr'>cursus</span> 
     </span>
     <span class='ocr_line' id='line_1_19' title="bbox 420 1123 2377 1195; baseline -0.002 -15"><span class='ocrx_word' id='word_1_87' title='bbox 420 1127 530 1180; x_wconf 88' lang='lat' dir='ltr'>est.</span> <span class='ocrx_word' id='word_1_88' title='bbox 563 1123 861 1179; x_wconf 84' lang='lat' dir='ltr'>Praeterea</span> <span class='ocrx_word' id='word_1_89' title='bbox 898 1124 963 1178; x_wconf 90' lang='lat' dir='ltr'>in</span> <span class='ocrx_word' id='word_1_90' title='bbox 998 1125 1127 1195; x_wconf 87' lang='lat' dir='ltr'>ripa</span> <span class='ocrx_word' id='word_1_91' title='bbox 1169 1140 1340 1179; x_wconf 89' lang='lat' dir='ltr'>omne</span> <span class='ocrx_word' id='word_1_92' title='bbox 1384 1125 1713 1194; x_wconf 85' lang='lat' dir='ltr'>periculum</span> <span class='ocrx_word' id='word_1_93' title='bbox 1751 1127 1860 1192; x_wconf 90' lang='lat' dir='ltr'>est,</span> <span class='ocrx_word' id='word_1_94' title='bbox 1892 1125 1994 1179; x_wconf 92' lang='lat' dir='ltr'>ubi</span> <span class='ocrx_word' id='word_1_95' title='bbox 2025 1125 2377 1194; x_wconf 79' lang='lat' dir='ltr'>applicantes</span> 
     </span>
     <span class='ocr_line' id='line_1_20' title="bbox 418 1211 2378 1286; baseline -0.001 -19"><span class='ocrx_word' id='word_1_96' title='bbox 418 1212 658 1284; x_wconf 84' lang='lat' dir='ltr'>navigia</span> <span class='ocrx_word' id='word_1_97' title='bbox 688 1211 878 1268; x_wconf 87' lang='lat' dir='ltr'>hostis</span> <span class='ocrx_word' id='word_1_98' title='bbox 906 1217 1229 1283; x_wconf 79' lang='lat' dir='ltr'>exspectat.</span> <span class='ocrx_word' id='word_1_99' title='bbox 1264 1214 1371 1278; x_wconf 87' lang='lat' dir='ltr'>lta,</span> <span class='ocrx_word' id='word_1_100' title='bbox 1407 1217 1937 1286; x_wconf 88' lang='lat' dir='ltr'>quantumcumque</span> <span class='ocrx_word' id='word_1_101' title='bbox 1968 1214 2184 1268; x_wconf 89' lang='lat' dir='ltr'>flumen</span> <span class='ocrx_word' id='word_1_102' title='bbox 2214 1214 2378 1267; x_wconf 86' lang='lat' dir='ltr'>inter-</span> 
     </span>
     <span class='ocr_line' id='line_1_21' title="bbox 416 1301 2367 1367; baseline -0.001 -12"><span class='ocrx_word' id='word_1_103' title='bbox 416 1301 600 1367; x_wconf 80' lang='lat' dir='ltr'>venit,</span> <span class='ocrx_word' id='word_1_104' title='bbox 628 1301 779 1356; x_wconf 91' lang='lat' dir='ltr'>idem</span> <span class='ocrx_word' id='word_1_105' title='bbox 808 1301 1075 1356; x_wconf 87' lang='lat' dir='ltr'>futurum</span> <span class='ocrx_word' id='word_1_106' title='bbox 1111 1302 1431 1357; x_wconf 81' lang='lat' dir='ltr'>discrimen</span> <span class='ocrx_word' id='word_1_107' title='bbox 1450 1303 1489 1329; x_wconf 78' lang='lat'>²²</span> <span class='ocrx_word' id='word_1_108' title='bbox 1520 1305 1613 1357; x_wconf 87' lang='lat' dir='ltr'>est</span> <span class='ocrx_word' id='word_1_109' title='bbox 1642 1302 2015 1356; x_wconf 81' lang='lat' dir='ltr'>evadentium</span> <span class='ocrx_word' id='word_1_110' title='bbox 2044 1302 2106 1355; x_wconf 90' lang='lat' dir='ltr'>in</span> <span class='ocrx_word' id='word_1_111' title='bbox 2133 1306 2367 1355; x_wconf 85' lang='lat' dir='ltr'>terram.</span> 
     </span>
     <span class='ocr_line' id='line_1_22' title="bbox 419 1388 2376 1462; baseline -0.001 -19"><span class='ocrx_word' id='word_1_112' title='bbox 419 1388 536 1443; x_wconf 86' lang='lat' dir='ltr'>Sed</span> <span class='ocrx_word' id='word_1_113' title='bbox 567 1392 764 1444; x_wconf 90' lang='lat' dir='ltr'>omnia</span> <span class='ocrx_word' id='word_1_114' title='bbox 794 1391 911 1444; x_wconf 88' lang='lat' dir='ltr'>ista</span> <span class='ocrx_word' id='word_1_115' title='bbox 946 1406 1090 1444; x_wconf 89' lang='lat' dir='ltr'>vera</span> <span class='ocrx_word' id='word_1_116' title='bbox 1119 1406 1253 1445; x_wconf 89' lang='lat' dir='ltr'>esse</span> <span class='ocrx_word' id='word_1_117' title='bbox 1294 1390 1613 1462; x_wconf 78' lang='lat' dir='ltr'>fingamus,</span> <span class='ocrx_word' id='word_1_118' title='bbox 1646 1391 1934 1445; x_wconf 81' lang='lat' dir='ltr'>Utrumne</span> <span class='ocrx_word' id='word_1_119' title='bbox 1948 1390 1989 1418; x_wconf 79' lang='lat'>¹⁸</span> <span class='ocrx_word' id='word_1_120' title='bbox 2016 1406 2128 1444; x_wconf 88' lang='lat' dir='ltr'>vos</span> <span class='ocrx_word' id='word_1_121' title='bbox 2155 1389 2376 1459; x_wconf 87' lang='lat' dir='ltr'>magni-</span> 
     </span>
     <span class='ocr_line' id='line_1_23' title="bbox 418 1476 2376 1554; baseline -0.001 -23"><span class='ocrx_word' id='word_1_122' title='bbox 418 1476 558 1532; x_wconf 87' lang='lat' dir='ltr'>tudo</span> <span class='ocrx_word' id='word_1_123' title='bbox 587 1478 896 1534; x_wconf 81' lang='lat' dir='ltr'>beluarum</span> <span class='ocrx_word' id='word_1_124' title='bbox 931 1494 1005 1531; x_wconf 84' lang='lat' dir='ltr'>au</span> <span class='ocrx_word' id='word_1_125' title='bbox 1045 1479 1356 1535; x_wconf 88' lang='lat' dir='ltr'>multitudo</span> <span class='ocrx_word' id='word_1_126' title='bbox 1395 1479 1657 1554; x_wconf 85' lang='lat' dir='ltr'>hostium</span> <span class='ocrx_word' id='word_1_127' title='bbox 1688 1478 1913 1533; x_wconf 76' lang='lat' dir='ltr'>terret?</span> <span class='ocrx_word' id='word_1_128' title='bbox 1939 1477 2106 1542; x_wconf 87' lang='lat' dir='ltr'>Quod</span> <span class='ocrx_word' id='word_1_129' title='bbox 2136 1479 2376 1548; x_wconf 86' lang='lat' dir='ltr'>pertinet</span> 
     </span>
     <span class='ocr_line' id='line_1_24' title="bbox 420 1564 2376 1637; baseline -0.001 -17"><span class='ocrx_word' id='word_1_130' title='bbox 420 1564 492 1620; x_wconf 89' lang='lat' dir='ltr'>ad</span> <span class='ocrx_word' id='word_1_131' title='bbox 543 1566 919 1636; x_wconf 87' lang='lat' dir='ltr'>elephantos,</span> <span class='ocrx_word' id='word_1_132' title='bbox 969 1582 1242 1636; x_wconf 82' lang='lat' dir='ltr'>praesens</span> <span class='ocrx_word' id='word_1_133' title='bbox 1302 1568 1588 1622; x_wconf 89' lang='lat' dir='ltr'>habemus</span> <span class='ocrx_word' id='word_1_134' title='bbox 1645 1568 1979 1637; x_wconf 88' lang='lat' dir='ltr'>exemplum</span> <span class='ocrx_word' id='word_1_135' title='bbox 2007 1567 2048 1593; x_wconf 77' lang='lat'>&#39;⁴</span> <span class='ocrx_word' id='word_1_136' title='bbox 2075 1583 2092 1619; x_wconf 76' lang='grc' dir='ltr'>ε</span> <span class='ocrx_word' id='word_1_137' title='bbox 2134 1568 2195 1619; x_wconf 90' lang='lat' dir='ltr'>in</span> <span class='ocrx_word' id='word_1_138' title='bbox 2245 1580 2376 1620; x_wconf 88' lang='lat' dir='ltr'>suos</span> 
     </span>
     <span class='ocr_line' id='line_1_25' title="bbox 420 1654 2374 1726; baseline -0.002 -17"><span class='ocrx_word' id='word_1_139' title='bbox 420 1654 831 1710; x_wconf 83' lang='lat' dir='ltr'>vehementius</span> <span class='ocrx_word' id='word_1_140' title='bbox 862 1670 1036 1726; x_wconf 86' lang='lat' dir='ltr'>quam</span> <span class='ocrx_word' id='word_1_141' title='bbox 1058 1655 1122 1708; x_wconf 89' lang='lat' dir='ltr'>in</span> <span class='ocrx_word' id='word_1_142' title='bbox 1151 1672 1263 1710; x_wconf 87' lang='lat' dir='ltr'>nos</span> <span class='ocrx_word' id='word_1_143' title='bbox 1292 1657 1767 1723; x_wconf 81' lang='lat' dir='ltr'>incucurrerunt,</span> <span class='ocrx_word' id='word_1_144' title='bbox 1792 1659 1909 1709; x_wconf 88' lang='lat' dir='ltr'>tam</span> <span class='ocrx_word' id='word_1_145' title='bbox 1943 1658 2110 1709; x_wconf 86' lang='lat' dir='ltr'>vasta</span> <span class='ocrx_word' id='word_1_146' title='bbox 2142 1669 2374 1724; x_wconf 86' lang='lat' dir='ltr'>corpora</span> 
     </span>
     <span class='ocr_line' id='line_1_26' title="bbox 422 1742 2373 1813; baseline -0.001 -15"><span class='ocrx_word' id='word_1_147' title='bbox 422 1742 732 1798; x_wconf 87' lang='lat' dir='ltr'>securibus</span> <span class='ocrx_word' id='word_1_148' title='bbox 776 1742 1145 1813; x_wconf 84' lang='lat' dir='ltr'>falcibusque</span> <span class='ocrx_word' id='word_1_149' title='bbox 1191 1746 1456 1800; x_wconf 89' lang='lat' dir='ltr'>mutilata</span> <span class='ocrx_word' id='word_1_150' title='bbox 1497 1747 1655 1800; x_wconf 88' lang='lat' dir='ltr'>sunt.</span> <span class='ocrx_word' id='word_1_151' title='bbox 1707 1743 1858 1809; x_wconf 86' lang='lat' dir='ltr'>Quid</span> <span class='ocrx_word' id='word_1_152' title='bbox 1905 1747 2095 1798; x_wconf 89' lang='lat' dir='ltr'>autem</span> <span class='ocrx_word' id='word_1_153' title='bbox 2143 1744 2373 1797; x_wconf 84' lang='lat' dir='ltr'>interest</span> 
     </span>
     <span class='ocr_line' id='line_1_27' title="bbox 419 1831 2369 1903; baseline -0.001 -17"><span class='ocrx_word' id='word_1_154' title='bbox 419 1832 664 1887; x_wconf 84' lang='lat' dir='ltr'>totidem</span> <span class='ocrx_word' id='word_1_155' title='bbox 703 1832 824 1886; x_wconf 92' lang='lat' dir='ltr'>sint</span> <span class='ocrx_word' id='word_1_156' title='bbox 843 1832 903 1899; x_wconf 76' lang='lat'>²³,</span> <span class='ocrx_word' id='word_1_157' title='bbox 937 1835 1082 1903; x_wconf 91' lang='lat' dir='ltr'>quot</span> <span class='ocrx_word' id='word_1_158' title='bbox 1120 1832 1313 1886; x_wconf 90' lang='lat' dir='ltr'>Porus</span> <span class='ocrx_word' id='word_1_159' title='bbox 1351 1831 1575 1896; x_wconf 87' lang='lat' dir='ltr'>habuit,</span> <span class='ocrx_word' id='word_1_160' title='bbox 1615 1848 1693 1885; x_wconf 87' lang='lat' dir='ltr'>an</span> <span class='ocrx_word' id='word_1_161' title='bbox 1730 1849 1793 1885; x_wconf 85' lang='lat'>111</span> <span class='ocrx_word' id='word_1_162' title='bbox 1830 1832 2032 1899; x_wconf 89' lang='lat' dir='ltr'>millia,</span> <span class='ocrx_word' id='word_1_163' title='bbox 2073 1849 2224 1898; x_wconf 87' lang='lat' dir='ltr'>cum,</span> <span class='ocrx_word' id='word_1_164' title='bbox 2265 1846 2369 1885; x_wconf 89' lang='lat' dir='ltr'>uno</span> 
     </span>
     <span class='ocr_line' id='line_1_28' title="bbox 420 1919 2367 1998; baseline -0.002 -23"><span class='ocrx_word' id='word_1_165' title='bbox 420 1923 520 1975; x_wconf 87' lang='lat' dir='ltr'>aut</span> <span class='ocrx_word' id='word_1_166' title='bbox 548 1920 734 1975; x_wconf 86' lang='lat' dir='ltr'>altero</span> <span class='ocrx_word' id='word_1_167' title='bbox 768 1920 1118 1988; x_wconf 80' lang='lat' dir='ltr'>vulneratis,</span> <span class='ocrx_word' id='word_1_168' title='bbox 1141 1920 1449 1974; x_wconf 89' lang='lat' dir='ltr'>videamus</span> <span class='ocrx_word' id='word_1_169' title='bbox 1479 1921 1715 1974; x_wconf 84' lang='lat' dir='ltr'>ceteros</span> <span class='ocrx_word' id='word_1_170' title='bbox 1742 1922 1803 1998; x_wconf 88' lang='lat' dir='ltr'>in</span> <span class='ocrx_word' id='word_1_171' title='bbox 1833 1920 2036 1993; x_wconf 85' lang='lat' dir='ltr'>fugam</span> <span class='ocrx_word' id='word_1_172' title='bbox 2066 1919 2367 1976; x_wconf 79' lang='lat' dir='ltr'>declinari?</span> 
     </span>
     <span class='ocr_line' id='line_1_29' title="bbox 418 2009 2363 2082; baseline -0.001 -19"><span class='ocrx_word' id='word_1_173' title='bbox 418 2010 570 2065; x_wconf 87' lang='lat' dir='ltr'>Dein</span> <span class='ocrx_word' id='word_1_174' title='bbox 608 2025 831 2079; x_wconf 86' lang='lat' dir='ltr'>paucos</span> <span class='ocrx_word' id='word_1_175' title='bbox 869 2024 1102 2081; x_wconf 89' lang='lat' dir='ltr'>quoque</span> <span class='ocrx_word' id='word_1_176' title='bbox 1139 2009 1517 2064; x_wconf 84' lang='lat' dir='ltr'>incommode</span> <span class='ocrx_word' id='word_1_177' title='bbox 1554 2013 1771 2080; x_wconf 87' lang='lat' dir='ltr'>regunt</span> <span class='ocrx_word' id='word_1_178' title='bbox 1801 2027 1813 2064; x_wconf 74' lang='grc' dir='ltr'>ε</span> <span class='ocrx_word' id='word_1_179' title='bbox 1847 2014 2207 2082; x_wconf 83' lang='lat' dir='ltr'>congregata</span> <span class='ocrx_word' id='word_1_180' title='bbox 2240 2024 2363 2064; x_wconf 86' lang='lat' dir='ltr'>vero</span> 
     </span>
     <span class='ocr_line' id='line_1_30' title="bbox 418 2096 2365 2169; baseline -0.001 -18"><span class='ocrx_word' id='word_1_181' title='bbox 418 2099 504 2152; x_wconf 89' lang='lat' dir='ltr'>tot</span> <span class='ocrx_word' id='word_1_182' title='bbox 531 2098 719 2153; x_wconf 83' lang='lat' dir='ltr'>millia</span> <span class='ocrx_word' id='word_1_183' title='bbox 747 2100 877 2167; x_wconf 88' lang='lat' dir='ltr'>ipsa</span> <span class='ocrx_word' id='word_1_184' title='bbox 908 2114 974 2152; x_wconf 88' lang='lat' dir='ltr'>se</span> <span class='ocrx_word' id='word_1_185' title='bbox 1004 2097 1240 2165; x_wconf 89' lang='lat' dir='ltr'>elident,</span> <span class='ocrx_word' id='word_1_186' title='bbox 1269 2097 1370 2152; x_wconf 89' lang='lat' dir='ltr'>ubi</span> <span class='ocrx_word' id='word_1_187' title='bbox 1400 2113 1511 2152; x_wconf 87' lang='lat' dir='ltr'>nec</span> <span class='ocrx_word' id='word_1_188' title='bbox 1541 2100 1698 2152; x_wconf 83' lang='lat' dir='ltr'>stare</span> <span class='ocrx_word' id='word_1_189' title='bbox 1728 2113 1836 2152; x_wconf 87' lang='lat' dir='ltr'>nec</span> <span class='ocrx_word' id='word_1_190' title='bbox 1863 2096 2071 2168; x_wconf 83' lang='lat' dir='ltr'>fugere</span> <span class='ocrx_word' id='word_1_191' title='bbox 2094 2099 2365 2169; x_wconf 82' lang='lat' dir='ltr'>potuerint</span> 
     </span>
     <span class='ocr_line' id='line_1_31' title="bbox 416 2184 2366 2257; baseline -0.001 -19"><span class='ocrx_word' id='word_1_192' title='bbox 416 2185 714 2242; x_wconf 87' lang='lat' dir='ltr'>inhabiles</span> <span class='ocrx_word' id='word_1_193' title='bbox 743 2190 1051 2241; x_wconf 83' lang='lat' dir='ltr'>vastorum</span> <span class='ocrx_word' id='word_1_194' title='bbox 1080 2201 1396 2256; x_wconf 87' lang='lat' dir='ltr'>corporum</span> <span class='ocrx_word' id='word_1_195' title='bbox 1425 2186 1636 2242; x_wconf 80' lang='lat' dir='ltr'>moles,</span> <span class='ocrx_word' id='word_1_196' title='bbox 1678 2186 1964 2257; x_wconf 90' lang='lat' dir='ltr'>Equidem</span> <span class='ocrx_word' id='word_1_197' title='bbox 1993 2189 2084 2242; x_wconf 84' lang='lat' dir='ltr'>sic</span> <span class='ocrx_word' id='word_1_198' title='bbox 2110 2184 2366 2241; x_wconf 86' lang='lat' dir='ltr'>animalia</span> 
     </span>
     <span class='ocr_line' id='line_1_32' title="bbox 421 2266 2363 2345; baseline -0.002 -16"><span class='ocrx_word' id='word_1_199' title='bbox 421 2276 536 2329; x_wconf 87' lang='lat' dir='ltr'>ista</span> <span class='ocrx_word' id='word_1_200' title='bbox 584 2277 935 2345; x_wconf 85' lang='lat' dir='ltr'>contempsi,</span> <span class='ocrx_word' id='word_1_201' title='bbox 988 2278 1067 2343; x_wconf 87' lang='lat' dir='ltr'>ut,</span> <span class='ocrx_word' id='word_1_202' title='bbox 1116 2291 1249 2329; x_wconf 91' lang='lat' dir='ltr'>cum</span> <span class='ocrx_word' id='word_1_203' title='bbox 1295 2266 1758 2344; x_wconf 66' lang='lat' dir='ltr'>haberem&#39;ipse,</span> <span class='ocrx_word' id='word_1_204' title='bbox 1804 2291 1925 2329; x_wconf 91' lang='lat' dir='ltr'>non</span> <span class='ocrx_word' id='word_1_205' title='bbox 1977 2277 2363 2345; x_wconf 87' lang='lat' dir='ltr'>opposuerim,</span> 
     </span>
     <span class='ocr_line' id='line_1_33' title="bbox 419 2363 2202 2435; baseline -0.001 -18"><span class='ocrx_word' id='word_1_206' title='bbox 419 2365 568 2418; x_wconf 86' lang='lat' dir='ltr'>satis</span> <span class='ocrx_word' id='word_1_207' title='bbox 596 2379 818 2435; x_wconf 85' lang='lat' dir='ltr'>gnarus</span> <span class='ocrx_word' id='word_1_208' title='bbox 849 2364 984 2433; x_wconf 92' lang='lat' dir='ltr'>plus</span> <span class='ocrx_word' id='word_1_209' title='bbox 1015 2365 1144 2417; x_wconf 89' lang='lat' dir='ltr'>suis</span> <span class='ocrx_word' id='word_1_210' title='bbox 1174 2379 1348 2434; x_wconf 90' lang='lat' dir='ltr'>quam</span> <span class='ocrx_word' id='word_1_211' title='bbox 1380 2364 1655 2418; x_wconf 88' lang='lat' dir='ltr'>hostibus</span> <span class='ocrx_word' id='word_1_212' title='bbox 1686 2364 1933 2433; x_wconf 88' lang='lat' dir='ltr'>periculi</span> <span class='ocrx_word' id='word_1_213' title='bbox 1961 2363 2202 2419; x_wconf 83' lang='lat' dir='ltr'>inferre.</span> 
     </span>
    </p>

    <p class='ocr_par' dir='ltr' id='par_1_13' title="bbox 415 2450 2366 2876">
     <span class='ocr_line' id='line_1_34' title="bbox 485 2450 2360 2522; baseline -0.002 -16"><span class='ocrx_word' id='word_1_214' title='bbox 485 2454 560 2506; x_wconf 92' lang='lat' dir='ltr'>At</span> <span class='ocrx_word' id='word_1_215' title='bbox 589 2451 804 2506; x_wconf 78' lang='lat' dir='ltr'>enim&#39;⁶</span> <span class='ocrx_word' id='word_1_216' title='bbox 846 2452 1106 2522; x_wconf 88' lang='lat' dir='ltr'>equitum</span> <span class='ocrx_word' id='word_1_217' title='bbox 1137 2453 1515 2522; x_wconf 89' lang='lat' dir='ltr'>peditumque</span> <span class='ocrx_word' id='word_1_218' title='bbox 1544 2452 1849 2505; x_wconf 87' lang='lat' dir='ltr'>multitudo</span> <span class='ocrx_word' id='word_1_219' title='bbox 1884 2467 1995 2505; x_wconf 91' lang='lat' dir='ltr'>vos</span> <span class='ocrx_word' id='word_1_220' title='bbox 2024 2450 2360 2506; x_wconf 87' lang='lat' dir='ltr'>commovet!</span> 
     </span>
     <span class='ocr_line' id='line_1_35' title="bbox 415 2539 2366 2611; baseline -0.003 -16"><span class='ocrx_word' id='word_1_221' title='bbox 415 2540 559 2595; x_wconf 89' lang='lat' dir='ltr'>Cum</span> <span class='ocrx_word' id='word_1_222' title='bbox 588 2541 793 2611; x_wconf 87' lang='lat' dir='ltr'>paucis</span> <span class='ocrx_word' id='word_1_223' title='bbox 824 2542 978 2593; x_wconf 87' lang='lat' dir='ltr'>enim</span> <span class='ocrx_word' id='word_1_224' title='bbox 1007 2555 1278 2610; x_wconf 86' lang='lat' dir='ltr'>pugnare</span> <span class='ocrx_word' id='word_1_225' title='bbox 1317 2540 1477 2594; x_wconf 91' lang='lat' dir='ltr'>soliti</span> <span class='ocrx_word' id='word_1_226' title='bbox 1507 2541 1672 2602; x_wconf 81' lang='lat' dir='ltr'>estiS‚</span> <span class='ocrx_word' id='word_1_227' title='bbox 1706 2543 1761 2593; x_wconf 89' lang='lat' dir='ltr'>et</span> <span class='ocrx_word' id='word_1_228' title='bbox 1800 2555 1957 2593; x_wconf 88' lang='lat' dir='ltr'>nunc</span> <span class='ocrx_word' id='word_1_229' title='bbox 1994 2541 2244 2607; x_wconf 81' lang='lat' dir='ltr'>primum</span> <span class='ocrx_word' id='word_1_230' title='bbox 2285 2539 2366 2591; x_wconf 88' lang='lat' dir='ltr'>in·</span> 
     </span>
     <span class='ocr_line' id='line_1_36' title="bbox 416 2628 2361 2684; baseline -0.003 -1"><span class='ocrx_word' id='word_1_231' title='bbox 416 2630 707 2684; x_wconf 87' lang='lat' dir='ltr'>conditam</span> <span class='ocrx_word' id='word_1_232' title='bbox 737 2629 1117 2683; x_wconf 84' lang='lat' dir='ltr'>sustinebitis</span> <span class='ocrx_word' id='word_1_233' title='bbox 1145 2628 1611 2683; x_wconf 87' lang='lat' dir='ltr'>turbam.Testis</span> <span class='ocrx_word' id='word_1_234' title='bbox 1642 2629 1932 2682; x_wconf 85' lang='lat' dir='ltr'>adversus</span> <span class='ocrx_word' id='word_1_235' title='bbox 1951 2628 2361 2683; x_wconf 84' lang='lat' dir='ltr'>multitudinem</span> 
     </span>
     <span class='ocr_line' id='line_1_37' title="bbox 416 2716 2359 2784; baseline -0.003 -12"><span class='ocrx_word' id='word_1_236' title='bbox 416 2718 621 2772; x_wconf 88' lang='lat' dir='ltr'>invicti</span> <span class='ocrx_word' id='word_1_237' title='bbox 649 2717 1029 2772; x_wconf 85' lang='lat' dir='ltr'>Macedonum</span> <span class='ocrx_word' id='word_1_238' title='bbox 1061 2716 1298 2771; x_wconf 84' lang='lat' dir='ltr'>roboris</span> <span class='ocrx_word' id='word_1_239' title='bbox 1327 2716 1616 2771; x_wconf 80' lang='lat' dir='ltr'>Granicus</span> <span class='ocrx_word' id='word_1_240' title='bbox 1645 2718 1858 2784; x_wconf 66' lang='lat' dir='ltr'>amnis»,</span> <span class='ocrx_word' id='word_1_241' title='bbox 1882 2719 1941 2770; x_wconf 89' lang='lat' dir='ltr'>et</span> <span class='ocrx_word' id='word_1_242' title='bbox 1969 2716 2178 2772; x_wconf 88' lang='lat' dir='ltr'>Cilicia</span> <span class='ocrx_word' id='word_1_243' title='bbox 2208 2717 2359 2768; x_wconf 89' lang='lat' dir='ltr'>inuu-</span> 
     </span>
     <span class='ocr_line' id='line_1_38' title="bbox 417 2805 2358 2876; baseline -0.003 -17"><span class='ocrx_word' id='word_1_244' title='bbox 417 2807 543 2860; x_wconf 89' lang='lat' dir='ltr'>data</span> <span class='ocrx_word' id='word_1_245' title='bbox 576 2821 788 2860; x_wconf 90' lang='lat' dir='ltr'>cruore</span> <span class='ocrx_word' id='word_1_246' title='bbox 817 2806 1158 2872; x_wconf 83' lang='lat' dir='ltr'>Persarum,</span> <span class='ocrx_word' id='word_1_247' title='bbox 1183 2808 1239 2861; x_wconf 87' lang='lat' dir='ltr'>et</span> <span class='ocrx_word' id='word_1_248' title='bbox 1267 2807 1504 2874; x_wconf 86' lang='lat' dir='ltr'>Arbela,</span> <span class='ocrx_word' id='word_1_249' title='bbox 1537 2805 1758 2876; x_wconf 77' lang='lat' dir='ltr'>cujus²⁷</span> <span class='ocrx_word' id='word_1_250' title='bbox 1786 2806 1978 2875; x_wconf 82' lang='lat' dir='ltr'>campi</span> <span class='ocrx_word' id='word_1_251' title='bbox 2018 2805 2358 2860; x_wconf 80' lang='lat' dir='ltr'>devictorum</span> 
     </span>
    </p>
   </div>
   <div class='ocr_carea' id='block_1_13' title="bbox 463 2971 2252 3519">
    <p class='ocr_par' dir='ltr' id='par_1_14' title="bbox 466 2971 2252 3089">
     <span class='ocr_line' id='line_1_39' title="bbox 466 2971 2252 3027; baseline -0.001 -10"><span class='ocrx_word' id='word_1_252' title='bbox 466 2976 538 3020; x_wconf 89' lang='lat'>18.</span> <span class='ocrx_word' id='word_1_253' title='bbox 573 2973 728 3017; x_wconf 78' lang='lat' dir='ltr'>Cetera</span> <span class='ocrx_word' id='word_1_254' title='bbox 755 2973 912 3017; x_wconf 80' lang='lat' dir='ltr'>auditu</span> <span class='ocrx_word' id='word_1_255' title='bbox 934 2975 1106 3027; x_wconf 75' lang='lat' dir='ltr'>maJ&#39;ora</span> <span class='ocrx_word' id='word_1_256' title='bbox 1134 2984 1259 3026; x_wconf 81' lang='lat' dir='ltr'>qnam</span> <span class='ocrx_word' id='word_1_257' title='bbox 1287 2984 1387 3017; x_wconf 83' lang='lat' dir='ltr'>vero</span> <span class='ocrx_word' id='word_1_258' title='bbox 1411 2973 1535 3016; x_wconf 75' lang='lat' dir='ltr'>n&#39;est</span> <span class='ocrx_word' id='word_1_259' title='bbox 1556 2983 1640 3026; x_wconf 86' lang='lat' dir='ltr'>pas</span> <span class='ocrx_word' id='word_1_260' title='bbox 1661 2973 1719 3016; x_wconf 88' lang='lat' dir='ltr'>de</span> <span class='ocrx_word' id='word_1_261' title='bbox 1742 2973 1789 3015; x_wconf 85' lang='lat' dir='ltr'>la</span> <span class='ocrx_word' id='word_1_262' title='bbox 1809 2971 1984 3027; x_wconf 76' lang='lat' dir='ltr'>langue</span> <span class='ocrx_word' id='word_1_263' title='bbox 2004 2971 2252 3027; x_wconf 80' lang='lat' dir='ltr'>classique.</span> 
     </span>
     <span class='ocr_line' id='line_1_40' title="bbox 466 3035 1660 3089; baseline -0.003 -9"><span class='ocrx_word' id='word_1_264' title='bbox 466 3036 538 3082; x_wconf 84' lang='lat'>19.</span> <span class='ocrx_word' id='word_1_265' title='bbox 575 3036 706 3086; x_wconf 78' lang='lat' dir='ltr'>Olim,</span> <span class='ocrx_word' id='word_1_266' title='bbox 726 3035 892 3088; x_wconf 86' lang='lat' dir='ltr'>depuis</span> <span class='ocrx_word' id='word_1_267' title='bbox 917 3035 1200 3089; x_wconf 82' lang='lat' dir='ltr'>longtemps.</span> <span class='ocrx_word' id='word_1_268' title='bbox 1226 3035 1292 3079; x_wconf 82' lang='lat' dir='ltr'>Cf.</span> <span class='ocrx_word' id='word_1_269' title='bbox 1325 3039 1374 3089; x_wconf 91' lang='lat' dir='ltr'>V,</span> <span class='ocrx_word' id='word_1_270' title='bbox 1395 3046 1440 3088; x_wconf 84' lang='lat' dir='ltr'>v,</span> <span class='ocrx_word' id='word_1_271' title='bbox 1461 3041 1569 3078; x_wconf 84' lang='lat' dir='ltr'>note</span> <span class='ocrx_word' id='word_1_272' title='bbox 1593 3036 1660 3078; x_wconf 77' lang='lat'>15.</span> 
     </span>
    </p>

    <p class='ocr_par' dir='ltr' id='par_1_15' title="bbox 463 3093 1856 3151">
     <span class='ocr_line' id='line_1_41' title="bbox 463 3093 1856 3151; baseline -0.001 -10"><span class='ocrx_word' id='word_1_273' title='bbox 463 3103 536 3145; x_wconf 88' lang='grc'>20.</span> <span class='ocrx_word' id='word_1_274' title='bbox 570 3099 874 3141; x_wconf 82' lang='lat' dir='ltr'>Armentorum</span> <span class='ocrx_word' id='word_1_275' title='bbox 903 3108 1071 3150; x_wconf 71' lang='lat' dir='ltr'>qreqes,</span> <span class='ocrx_word' id='word_1_276' title='bbox 1097 3097 1165 3139; x_wconf 86' lang='lat' dir='ltr'>les</span> <span class='ocrx_word' id='word_1_277' title='bbox 1194 3102 1456 3150; x_wconf 83' lang='lat' dir='ltr'>troupeaux</span> <span class='ocrx_word' id='word_1_278' title='bbox 1481 3095 1540 3140; x_wconf 89' lang='lat' dir='ltr'>de</span> <span class='ocrx_word' id='word_1_279' title='bbox 1563 3107 1671 3151; x_wconf 85' lang='lat' dir='ltr'>gros</span> <span class='ocrx_word' id='word_1_280' title='bbox 1691 3093 1856 3139; x_wconf 77' lang='lat' dir='ltr'>betail.</span> 
     </span>
    </p>

    <p class='ocr_par' dir='ltr' id='par_1_16' title="bbox 465 3158 1193 3214">
     <span class='ocr_line' id='line_1_42' title="bbox 465 3158 1193 3214; baseline 0 -12"><span class='ocrx_word' id='word_1_281' title='bbox 465 3160 538 3204; x_wconf 89' lang='grc'>21,</span> <span class='ocrx_word' id='word_1_282' title='bbox 574 3159 803 3212; x_wconf 70' lang='lat' dir='ltr'>luvellum,</span> <span class='ocrx_word' id='word_1_283' title='bbox 828 3171 921 3202; x_wconf 89' lang='lat' dir='ltr'>non</span> <span class='ocrx_word' id='word_1_284' title='bbox 944 3158 1193 3214; x_wconf 84' lang='lat' dir='ltr'>classique.</span> 
     </span>
    </p>

    <p class='ocr_par' dir='ltr' id='par_1_17' title="bbox 466 3219 1562 3274">
     <span class='ocr_line' id='line_1_43' title="bbox 466 3219 1562 3274; baseline 0.001 -11"><span class='ocrx_word' id='word_1_285' title='bbox 466 3225 540 3263; x_wconf 98' lang='grc'>22.</span> <span class='ocrx_word' id='word_1_286' title='bbox 568 3219 829 3273; x_wconf 70' lang='lat' dir='ltr'>Discrimen,</span> <span class='ocrx_word' id='word_1_287' title='bbox 851 3220 1043 3272; x_wconf 86' lang='lat' dir='ltr'>danger.</span> <span class='ocrx_word' id='word_1_288' title='bbox 1076 3220 1144 3264; x_wconf 78' lang='lat' dir='ltr'>Cf.</span> <span class='ocrx_word' id='word_1_289' title='bbox 1171 3223 1240 3273; x_wconf 86' lang='lat' dir='ltr'>lv,</span> <span class='ocrx_word' id='word_1_290' title='bbox 1261 3231 1332 3274; x_wconf 80' lang='lat' dir='ltr'>lx,</span> <span class='ocrx_word' id='word_1_291' title='bbox 1349 3224 1456 3264; x_wconf 88' lang='lat' dir='ltr'>note</span> <span class='ocrx_word' id='word_1_292' title='bbox 1484 3223 1562 3264; x_wconf 83' lang='lat'>33.</span> 
     </span>
    </p>

    <p class='ocr_par' dir='ltr' id='par_1_18' title="bbox 465 3279 1309 3334">
     <span class='ocr_line' id='line_1_44' title="bbox 465 3279 1309 3334; baseline 0.002 -11"><span class='ocrx_word' id='word_1_293' title='bbox 465 3285 537 3323; x_wconf 93' lang='grc'>23.</span> <span class='ocrx_word' id='word_1_294' title='bbox 579 3279 805 3322; x_wconf 81' lang='lat' dir='ltr'>Utrumne.</span> <span class='ocrx_word' id='word_1_295' title='bbox 840 3281 909 3323; x_wconf 84' lang='lat' dir='ltr'>Cf.</span> <span class='ocrx_word' id='word_1_296' title='bbox 935 3285 1010 3334; x_wconf 86' lang='lat'>111,</span> <span class='ocrx_word' id='word_1_297' title='bbox 1028 3293 1110 3332; x_wconf 84' lang='lat' dir='ltr'>vn</span> <span class='ocrx_word' id='word_1_298' title='bbox 1131 3287 1238 3324; x_wconf 84' lang='lat' dir='ltr'>note</span> <span class='ocrx_word' id='word_1_299' title='bbox 1259 3283 1309 3325; x_wconf 87' lang='lat'>17</span> 
     </span>
    </p>

    <p class='ocr_par' dir='ltr' id='par_1_19' title="bbox 468 3340 1512 3397">
     <span class='ocr_line' id='line_1_45' title="bbox 468 3340 1512 3397; baseline 0.005 -16"><span class='ocrx_word' id='word_1_300' title='bbox 468 3344 542 3385; x_wconf 71' lang='grc'>24.</span> <span class='ocrx_word' id='word_1_301' title='bbox 578 3340 779 3380; x_wconf 70' lang='lat' dir='ltr'>Praesens</span> <span class='ocrx_word' id='word_1_302' title='bbox 806 3343 1064 3395; x_wconf 70' lang='lat' dir='ltr'>exemplum.</span> <span class='ocrx_word' id='word_1_303' title='bbox 1100 3346 1240 3386; x_wconf 87' lang='lat' dir='ltr'>Porus</span> <span class='ocrx_word' id='word_1_304' title='bbox 1271 3343 1512 3397; x_wconf 78' lang='lat' dir='ltr'>(V111,14).</span> 
     </span>
    </p>

    <p class='ocr_par' dir='ltr' id='par_1_20' title="bbox 468 3370 2095 3460">
     <span class='ocr_line' id='line_1_46' title="bbox 468 3370 2095 3460; baseline 0.009 -24"><span class='ocrx_word' id='word_1_305' title='bbox 468 3404 542 3443; x_wconf 76' lang='lat'>25.</span> <span class='ocrx_word' id='word_1_306' title='bbox 580 3397 773 3439; x_wconf 78' lang='lat' dir='ltr'>Totidem</span> <span class='ocrx_word' id='word_1_307' title='bbox 799 3400 893 3442; x_wconf 75' lang='lat' dir='ltr'>sint</span> <span class='ocrx_word' id='word_1_308' title='bbox 919 3412 975 3443; x_wconf 82' lang='lat' dir='ltr'>an</span> <span class='ocrx_word' id='word_1_309' title='bbox 1012 3431 1045 3444; x_wconf 90' lang='lat'>..</span> <span class='ocrx_word' id='word_1_310' title='bbox 1079 3405 1249 3457; x_wconf 85' lang='lat' dir='ltr'>Ellipse</span> <span class='ocrx_word' id='word_1_311' title='bbox 1279 3405 1335 3447; x_wconf 87' lang='lat' dir='ltr'>de</span> <span class='ocrx_word' id='word_1_312' title='bbox 1374 3409 1534 3448; x_wconf 72' lang='lat' dir='ltr'>utrum.</span> <span class='ocrx_word' id='word_1_313' title='bbox 1566 3405 1634 3448; x_wconf 75' lang='lat' dir='ltr'>Cr.</span> <span class='ocrx_word' id='word_1_314' title='bbox 1654 3408 1725 3460; x_wconf 88' lang='lat'>111,</span> <span class='ocrx_word' id='word_1_315' title='bbox 1755 3417 1857 3460; x_wconf 84' lang='lat' dir='ltr'>vm,</span> <span class='ocrx_word' id='word_1_316' title='bbox 1892 3370 2001 3450; x_wconf 81' lang='lat' dir='ltr'>note</span> <span class='ocrx_word' id='word_1_317' title='bbox 2029 3411 2095 3451; x_wconf 80' lang='lat'>13.</span> 
     </span>
    </p>

    <p class='ocr_par' dir='ltr' id='par_1_21' title="bbox 467 3457 1858 3519">
     <span class='ocr_line' id='line_1_47' title="bbox 467 3457 1858 3519; baseline 0.006 -19"><span class='ocrx_word' id='word_1_318' title='bbox 467 3462 542 3502; x_wconf 89' lang='grc'>26.</span> <span class='ocrx_word' id='word_1_319' title='bbox 574 3458 628 3500; x_wconf 78' lang='lat' dir='ltr'>At</span> <span class='ocrx_word' id='word_1_320' title='bbox 653 3457 786 3506; x_wconf 81' lang='lat' dir='ltr'>enim,</span> <span class='ocrx_word' id='word_1_321' title='bbox 817 3458 1011 3504; x_wconf 77' lang='lat' dir='ltr'>roi-mule</span> <span class='ocrx_word' id='word_1_322' title='bbox 1035 3463 1335 3518; x_wconf 85' lang='lat' dir='ltr'>d&#39;objection.</span> <span class='ocrx_word' id='word_1_323' title='bbox 1361 3482 1384 3505; x_wconf 75' lang='grc' dir='ltr'>ι</span> <span class='ocrx_word' id='word_1_324' title='bbox 1404 3468 1532 3519; x_wconf 76' lang='lat' dir='ltr'>Mais,</span> <span class='ocrx_word' id='word_1_325' title='bbox 1552 3466 1721 3510; x_wconf 82' lang='lat' dir='ltr'>dira-t·</span> <span class='ocrx_word' id='word_1_326' title='bbox 1699 3477 1803 3511; x_wconf 88' lang='lat' dir='ltr'>-.0n</span> <span class='ocrx_word' id='word_1_327' title='bbox 1833 3483 1858 3508; x_wconf 71' lang='grc' dir='ltr'>ι</span> 
     </span>
    </p>
   </div>
   <div class='ocr_carea' id='block_1_14' title="bbox 470 3516 2348 3586">
    <p class='ocr_par' dir='ltr' id='par_1_22' title="bbox 470 3516 2348 3586">
     <span class='ocr_line' id='line_1_48' title="bbox 470 3516 2348 3586; baseline 0.009 -27"><span class='ocrx_word' id='word_1_328' title='bbox 470 3524 559 3564; x_wconf 69' lang='grc'><strong>27..</strong></span> <span class='ocrx_word' id='word_1_329' title='bbox 577 3516 759 3570; x_wconf 73' lang='lat' dir='ltr'>Arbela,</span> <span class='ocrx_word' id='word_1_330' title='bbox 780 3521 925 3569; x_wconf 67' lang='lat' dir='ltr'>cujus.</span> <span class='ocrx_word' id='word_1_331' title='bbox 958 3522 1117 3567; x_wconf 73' lang='lat' dir='ltr'>Arbela</span> <span class='ocrx_word' id='word_1_332' title='bbox 1146 3525 1275 3570; x_wconf 78' lang='lat' dir='ltr'>etant</span> <span class='ocrx_word' id='word_1_333' title='bbox 1291 3540 1356 3572; x_wconf 88' lang='lat' dir='ltr'>un</span> <span class='ocrx_word' id='word_1_334' title='bbox 1375 3527 1547 3583; x_wconf 87' lang='lat' dir='ltr'>pluriel</span> <span class='ocrx_word' id='word_1_335' title='bbox 1572 3532 1756 3583; x_wconf 81' lang='lat' dir='ltr'>neutra,</span> <span class='ocrx_word' id='word_1_336' title='bbox 1777 3540 1840 3572; x_wconf 86' lang='lat' dir='ltr'>on</span> <span class='ocrx_word' id='word_1_337' title='bbox 1859 3530 2022 3575; x_wconf 82' lang='lat' dir='ltr'>attend</span> <span class='ocrx_word' id='word_1_338' title='bbox 2047 3539 2233 3586; x_wconf 68' lang='lat' dir='ltr'>quom.</span> <span class='ocrx_word' id='word_1_339' title='bbox 2251 3521 2348 3568; x_wconf 60' lang='grc' dir='ltr'>ΜΒ</span> 
     </span>
    </p>
   </div>
   <div class='ocr_carea' id='block_1_15' title="bbox 2458 0 2462 945">
    <p class='ocr_par' dir='ltr' id='par_1_23' title="bbox 2458 0 2462 945">
     <span class='ocr_line' id='line_1_49' title="bbox 2458 0 2462 945; baseline 0 0"><span class='ocrx_word' id='word_1_340' title='bbox 2458 0 2462 945; x_wconf 95' lang='lat' dir='ltr'> </span> 
     </span>
    </p>
   </div>
   <div class='ocr_carea' id='block_1_16' title="bbox 2456 1770 2463 3931">
    <p class='ocr_par' dir='ltr' id='par_1_24' title="bbox 2456 1770 2463 3931">
     <span class='ocr_line' id='line_1_50' title="bbox 2456 1770 2463 3931; baseline 0 0"><span class='ocrx_word' id='word_1_341' title='bbox 2456 1770 2463 3931; x_wconf 95' lang='lat' dir='ltr'> </span> 
     </span>
    </p>
   </div>
  </div>
 </body>
</html>
