2517 3975
639 276 1034 316 ms‘romuum
1067 276 1401 314 nmmum
1437 274 1565 325 vm,
1602 274 1682 311 ιν.
2040 253 2145 307 273

197 380 314 450 Ille,
336 384 588 436 maxima
609 383 992 453 praesentium
1021 398 1296 437 curarum
1322 383 1487 451 parte
1517 380 1822 443 liberatuS,
1854 376 2145 444 convertit

197 470 448 524 animum
495 471 566 526 ad
604 472 988 526 vindicandas
1033 471 1288 542 injurias
1339 484 1564 540 eorum,
1605 467 1819 538 quibus
1862 481 1895 518 a
1930 466 2147 535 praeto-

194 556 392 611 ribus*
422 559 549 614 suis
591 574 765 614 avare
813 575 879 613 ac
928 560 1184 628 superbe
1221 557 1642 627 imperabatur.
1683 554 1845 626 Ergo
1897 551 2142 606 Phrata-

193 645 393 714 pherni
436 647 791 717 Hyrcaniam
829 651 883 701 et
921 647 1159 701 Mardos
1198 661 1332 699 cum
1371 646 1624 714 Tapuris
1670 643 1931 710 tradidit,
1981 656 2144 694 man-

195 732 450 803 davitque
479 737 542 787 ut
584 734 942 803 Phradaten,
995 734 1090 788 cui
1119 732 1493 799 succedebat,
1523 730 1595 784 ad
1626 746 1694 784 se
1723 730 1784 783 in
1816 728 2145 783 custodiam

193 820 455 879 mitteret.
505 822 778 889 Arsami,
836 822 1208 893 Drangarum
1268 819 1582 891 praefecto,
1642 818 1997 873 substitutus
2053 820 2145 872 est

193 908 507 964 Stasanor:
559 911 814 965 Arsaces
863 911 926 964 in
966 910 1218 965 Mediam
1264 910 1509 977 missus,
1555 911 1622 960 ut
1664 904 1962 976 Oxydates
2005 906 2142 959 inde

194 997 510 1055 decederet.
553 998 898 1070 Babylonia,
940 1000 1240 1055 demortuo
1281 998 1520 1065 Mazaeo,
1567 994 1832 1050 Stameni
1876 992 2142 1065 subjecta

194 1091 302 1141 est.

981 1257 1231 1313 CAPUT
1268 1256 1349 1311 IV

359 1405 701 1456 Soufrrances
734 1405 798 1455 de
824 1406 1049 1469 l'armee.
1077 1432 1141 1443 —
1171 1404 1465 1454 Alexandro
1492 1404 1688 1467 epouse
1717 1404 1951 1454 Roxane.

945 1537 1120 1591 (niver,
1145 1538 1329 1583 328-327
1342 1541 1378 1593 ‚J

254 1699 360 1753 His
405 1699 778 1769 compositiS,
822 1699 994 1755 tertio
1043 1714 1244 1754 mense
1302 1714 1374 1753 ex
1422 1697 1690 1753 hibernis
1738 1697 1923 1749 mevit
1967 1713 2139 1749 sacr-

192 1786 378 1859 citum,
400 1789 732 1860 regionem,
766 1801 898 1857 quae
928 1786 1183 1842 Gazaha¹
1215 1790 1558 1856 appellatur,
1586 1786 1875 1842 aditurus-1.
1907 1786 2141 1838 Primus

194 1875 310 1931 dies
354 1878 620 1949 quietum
662 1875 774 1929 iter
812 1876 1101 1945 praebuit:
1154 1875 1466 1945 proximus
1514 1878 1566 1930 ci
1622 1876 1879 1930 nondum
1911 1878 2139 1946 quidem

191 1965 556 2034 procellosus
612 1967 670 2019 et
722 1964 929 2035 tristiS‚
970 1964 1281 2019 obscurior
1325 1970 1514 2018 tamen
1566 1966 1815 2034 pristino
1859 1982 1975 2016 neu
2011 1966 2143 2016 siim

192 2055 358 2109 minis
386 2053 720 2109 crescentis
758 2053 896 2108 mali
937 2054 1238 2124 praeteriit.
1272 2052 1466 2108 Tertio
1514 2053 1587 2107 ab
1627 2054 1788 2107 omni
1824 2057 1985 2123 parte
2016 2052 2144 2106 caeli

193 2144 433 2199 emicare
473 2143 732 2215 fulgura,
763 2145 841 2212 et,
897 2158 1054 2197 nunc
1080 2141 1457 2196 internitente
1502 2142 1653 2210 luce,
1696 2157 1853 2196 nunc
1889 2141 2140 2209 condita,

194 2246 305 2286 non
333 2233 542 2288 oculos
570 2231 747 2285 modo
775 2231 1059 2285 meantis³
1098 2231 1396 2286 exercitus
1434 2229 1541 2284 sed
1567 2231 1741 2285 etiam
1771 2230 2001 2285 animos
2026 2232 2142 2285 ter-

191 2333 316 2374 rere
343 2322 674 2391 coeperunt.
722 2318 881 2372 Erat
910 2335 1100 2390 prope
1137 2316 1454 2372 continuus
1499 2318 1629 2372 caeli
1664 2317 1890 2390 fragor,
1921 2323 1978 2374 et
2004 2334 2141 2388 pas-

193 2408 299 2462 sim
325 2409 662 2465 cadentium
706 2406 1048 2472 fulminum⁸
1079 2408 1316 2477 species
1359 2407 1684 2476 visebatur,
1734 2407 2144 2477 attonitisque⁴

192 2498 446 2566 auribuS,
481 2499 729 2566 stupens
777 2511 988 2567 agmen
1021 2510 1130 2550 nec
1166 2495 1449 2566 progredi
1476 2511 1583 2550 nec
1613 2495 1940 2549 consistere
1967 2495 2147 2549 aude-

192 2583 302 2640 bat.
346 2588 501 2642 Tum
556 2587 800 2656 repente
844 2584 1051 2651 imber,
1100 2585 1450 2654 grandinem
1496 2585 1809 2653 incutiens,
1859 2585 2144 2639 torrentis

193 2675 377 2746 modo,
409 2672 753 2729 effunditur.
800 2671 884 2726 Ac
932 2674 1124 2743 primo
1173 2673 1408 2743 quidem
1436 2672 1620 2726 armis
1650 2673 1776 2726 suis
1812 2673 1951 2726 tecti
1978 2688 2149 2727 exce-

191 2767 412 2829 perant,
444 2763 553 2818 sed
583 2762 710 2833 jam
738 2776 846 2815 nec
894 2762 1153 2816 retinere
1182 2776 1347 2816 arma
1385 2762 1609 2816 lubrica
1640 2762 1905 2833 rigentes
1933 2778 2147 2817 manus

189 2852 475 2919 poterant,
506 2867 616 2904 nec
642 2849 761 2920 ipsi
790 2849 1091 2904 'destinare
1130 2851 1193 2904 in
1224 2865 1399 2920 quam
1436 2850 1743 2918 regionem
1772 2851 2151 2907 obverterent

195 2949 461 3009 corpora,
513 2953 644 2992 cum
685 2934 944 3007 undique
977 2937 1345 3007 tempestatis
1390 2936 1693 3008 violentia,
1736 2937 1930 3010 major
1974 2955 2147 3012 quam

194 3025 532 3098 vitabatur⁸,
569 3030 930 3096 occurreret.
983 3060 985 3065 ‹
1494 3039 1503 3053 ¹

261 3113 445 3187 Ergo,
485 3115 795 3171 ordinibus
843 3115 1080 3184 solutiS,
1118 3129 1228 3183 per
1264 3116 1456 3169 totum.
1493 3115 1706 3170 saltum
1748 3118 2147 3174 errabundum

244 3286 314 3327 lv.
344 3307 394 3315 —
423 3289 464 3328 1.
496 3284 684 3340 Gazaba,
711 3284 897 3329 contree
925 3283 983 3328 de
1011 3284 1055 3326 ia
1075 3281 1329 3338 Sogdiana.

243 3347 288 3392 2.
321 3346 510 3391 Meaatia
540 3356 592 3390 se
618 3348 684 3392 dit
712 3351 944 3391 rarement
973 3343 1112 3399 d’une
1148 3343 1327 3390 armee.

243 3410 286 3452 3.
322 3410 383 3452 Ge
427 3409 596 3464 pluriel
623 3409 858 3464 fulminum
885 3411 959 3454 est
978 3406 1211 3462 poetique.

245 3474 287 3513 1.
320 3471 551 3515 Attonitis.
581 3475 704 3515 Dans
732 3482 816 3515 son
845 3481 954 3516 sens
983 3469 1341 3525 etymologique,
1369 3473 1448 3515 ad·
1451 3475 1627 3524 tonare.
1665 3468 1680 3478 ⁶
1715 3464 1727 3474 ⁴

243 3536 288 3575 5.
321 3532 460 3584 Major
484 3544 607 3588 quam
648 3532 879 3577 vitabatur.
923 3536 1159 3576 Tournure
1218 3533 1479 3589 elliptique.
1533 3535 1765 3580 Entendez
1819 3533 1959 3587 major
2016 3545 2143 3589 quam

216 3590 274 3636 lla
299 3598 533 3648 tempestas
561 3606 654 3650 quae
678 3596 940 3640 vitabatur..

2198 545 2270 602 17

2192 1689 2232 1831 [th

2195 2307 2236 2364 4

2198 2571 2236 2628 5
