2517 3975
396 256 502 311 126
1160 273 1214 317 Q.
1256 272 1428 311 ccum
1466 273 1603 311 nus-1

394 381 656 443 vocatur,
681 378 953 448 pervenit
979 397 991 433 ε
1024 378 1237 434 futilis
1266 383 1446 448 terra,
1487 380 1657 453 copia
1681 395 1883 436 rerum
1913 382 1974 436 et
2003 382 2170 436 omni
2211 399 2369 438 eom-

396 470 592 523 meatu
622 467 952 522 abundans.
970 468 1178 538 Itaque
1209 468 1432 523 diutius
1462 469 1548 522 ibi
1577 469 1865 537 substitit,
1896 485 1985 540 ae,
2019 486 2098 526 ne
2127 471 2373 528 desides

398 557 514 611 otio
554 556 927 610 demitterent
965 556 1218 623 animos,
1255 556 1491 628 judiees
1527 558 1705 625 dedit,
1747 559 2113 628 praemiaque
2149 575 2379 630 propo-

398 645 519 700 suit
547 645 620 700 de
650 646 867 700 virtute
896 645 1138 699 militari
1166 646 1535 701 certantibus
1563 663 1719 701 nova
1754 664 1769 701 ε
1802 648 1903 717 qui
1935 646 2250 702 fortissimi
2274 648 2383 720 ju-

397 734 575 788 dicati
618 736 844 800 essent,
893 734 1152 806 singulis
1198 735 1452 788 militum
1499 736 1765 790 millibus
1813 736 2126 805 praefuturi
2161 740 2371 792 erant.

395 822 765 877 Chiliarehas
778 823 800 844 *
820 822 1129 892 vocabunt,
1148 825 1291 877 tune
1309 824 1563 895 ¹primum
1583 825 1646 878 in
1665 825 1823 879 hune
1842 840 2160 880 numerum
2181 826 2377 896 copiis

396 911 731 965 distributis
764 929 776 964 ε
822 926 1073 981 namque
1111 913 1285 966 antea
1320 912 1733 983 quingenariae
1761 913 2041 968 cohortes
2062 910 2083 934 *
2111 913 2373 981 fuerant,

396 1014 504 1054 nec
546 998 917 1053 fortitudinis
962 1001 1211 1069 praemia
1250 1004 1564 1055 cesserant
1581 1001 1622 1055 ⁸.
1669 1001 1891 1070 Ingens
1918 1002 2169 1054 militum
2202 1004 2378 1059 turba

396 1089 775 1154 convenerat,
798 1088 1049 1159 egregio
1071 1086 1433 1142 interfutura
1463 1089 1791 1156 certamini,
1813 1091 1985 1143 testis
2013 1089 2230 1144 eadem
2266 1107 2378 1146 cu-

391 1176 612 1246 jusque
640 1174 954 1243 factorum,
988 1179 1045 1230 et
1072 1176 1476 1249 dejudieibus
1503 1177 1697 1231 latura
1721 1179 2077 1232 sententiam
2104 1195 2116 1231 t
2152 1180 2375 1250 quippe

396 1277 623 1318 verone
661 1279 737 1317 an
773 1256 924 1318 falso
962 1263 1159 1319 honos
1196 1265 1410 1334 cuique
1439 1264 1779 1331 haberet-ur,
1809 1265 2083 1336 ignorari
2114 1282 2238 1321 non
2265 1283 2386 1338 po-

395 1354 561 1410 terat.
605 1353 842 1407 Primus
883 1354 1168 1421 omnium,
1212 1353 1460 1408 virtutis
1500 1369 1699 1424 eausa,
1734 1354 1988 1408 donatus
2027 1362 2119 1408 est
2157 1355 2381 1408 Athar-

396 1442 521 1496 rias
551 1443 756 1497 senior
774 1443 813 1509 ³,
849 1442 949 1513 qui
979 1441 1268 1496 omissum
1288 1441 1443 1513 apud
1473 1440 1937 1497 Halicarnasson
1967 1457 1999 1495 a
2024 1442 2381 1513 junioribus

395 1530 669 1600 proelium
697 1546 855 1586 unus
891 1530 1145 1585 maxime
1183 1530 1534 1585 accenderat
1568 1547 1581 1584 z
1611 1531 1922 1600 proximus
1953 1530 2006 1584 ei
2035 1531 2381 1602 Antigenes

396 1618 571 1672 visus
596 1621 690 1672 est
722 1636 735 1671 :
769 1620 1008 1672 ter-tium
1035 1618 1231 1673 locum
1261 1618 1527 1673 Philotas
1558 1617 1860 1690 Augaeus*
1887 1618 2173 1673 obtinuit:
2201 1635 2382 1690 quar-

397 1710 497 1760 tus
526 1708 795 1776 Amyntae
825 1707 997 1760 datus
1029 1724 1043 1761 ι
1068 1710 1207 1776 post
1235 1707 1349 1761 hos
1369 1708 1708 1779 Antigenus
1727 1707 1883 1762 etab
1905 1723 1974 1762 eo
1994 1709 2014 1736 ¹⁵
2044 1707 2383 1778 Lyncestes

399 1792 685 1863 Amyntas
720 1793 833 1846 fuit
874 1810 887 1848 ς
928 1794 1244 1863 septimum
1282 1795 1478 1849 locum
1508 1794 1869 1865 Thetideum,
1901 1795 2176 1849 ultimum
2213 1795 2378 1850 obti-

400 1881 531 1935 nuit
561 1879 927 1935 Hellanicus,

472 1970 540 2025 In
568 1969 880 2041 disciplina
909 1987 1145 2043 quoque
1170 1971 1451 2027 militaris
1471 1971 1561 2027 rei
1592 1988 1627 2026 a
1655 1968 1984 2043 maj-oribus
2011 1971 2230 2025 tradita
2255 1970 2381 2041 ple-

399 2076 582 2130 raque
622 2076 849 2114 summa
887 2061 1136 2116 utilitate
1169 2062 1441 2134 mutavit.
1485 2063 1655 2130 Nam,
1699 2077 1835 2116 cum
1873 2065 2007 2116 ante
2047 2061 2277 2131 equites
2311 2061 2375 2114 in

400 2166 570 2204 suam
626 2149 880 2220 quisque
939 2153 1175 2220 gentem
1231 2151 1701 2205 discriberentur
1757 2166 2003 2205 seorsus
2052 2166 2084 2203 a
2133 2150 2370 2217 ceteriS,

403 2241 678 2308 exempto
711 2239 1012 2292 nationum
1044 2238 1416 2307 discrimine,
1463 2239 1784 2309 praefectiS‚
1829 2254 1949 2293 non
1988 2239 2189 2309 utique
2232 2255 2374 2292 sua-

400 2343 535 2381 rum
563 2327 845 2399 gentium,
871 2326 976 2380 sed
1006 2326 1248 2381 delectis
1280 2328 1566 2382 attribuit.
1591 2328 1757 2382 Tuba
1773 2327 1813 2394 *,
1837 2343 1971 2381 cum
1991 2327 2224 2381 castra*
2249 2343 2374 2383 mo-

399 2433 539 2472 vere
569 2417 746 2471 vellet
765 2415 804 2484 ⁰,
839 2414 1086 2496 signumq
1106 2415 1297 2483 dabat,
1332 2416 1426 2487 cuj
1439 2432 1508 2471 us
1540 2432 1727 2471 sonus
1749 2416 2115 2487 plerumque,
2149 2416 2372 2471 tumul-

400 2505 690 2558 tuantium
719 2504 957 2558 fremitu
987 2504 1313 2572 exoriente,
1347 2504 1499 2558 haud
1538 2506 1686 2559 satis
1726 2506 2151 2559 exaudiebatur
2182 2524 2194 2559 :
2231 2521 2372 2576 ergo

399 2592 704 2661 perticam,
738 2607 870 2662 quae
908 2592 1167 2661 undique
1206 2593 1472 2661 conspici
1502 2596 1726 2662 posset,
1761 2594 2329 2663 suprapraetorium
2353 2593 2373 2613 *

401 2678 625 2745 statuit,
664 2695 744 2734 ex
789 2697 905 2751 qua
934 2681 1182 2756 signum
1211 2679 1506 2735 eminebat
1550 2682 1775 2751 pariter
1826 2682 2104 2735 omnibus
2135 2682 2374 2752 conspi-

401 2781 574 2822 cuum
608 2785 620 2822 :
656 2768 1086 2823 observabatur
1115 2769 1276 2840 ignis
1318 2771 1515 2837 noctu,
1549 2769 1746 2824 fumus
1776 2770 2049 2827 interdiu.

471 2854 721 2925 Jamque
759 2857 911 2911 Susa
949 2858 1003 2912 ei
1041 2858 1275 2913 adituro
1315 2857 1609 2928 Abuhtes,
1645 2859 1915 2931 regionis
1957 2858 2089 2930 ejus
2111 2859 2373 2929 praefee-

399 2947 518 3011 tus,
554 2945 684 2999 sive
710 2946 879 2999 Darii
903 2945 1105 3017 jussu,
1138 2948 1202 3001 ut
1230 2946 1635 3002 Alexandrum
1663 2948 1865 3017 praeda
1902 2948 2211 3021 retineret,
2246 2950 2371 3004 sive

401 3048 509 3088 sua
537 3036 768 3104 sponte,
800 3032 984 3087 filium
1016 3034 1254 3089 obviam
1284 3035 1473 3105 misit,
1508 3034 1862 3090 traditurum
1895 3051 1960 3089 se
1992 3036 2207 3092 urbem
2235 3051 2374 3107 pro·

452 3282 499 3328 2.
534 3281 832 3326 Construire:
863 3281 1070 3328 Cohortes
1106 3289 1330 3329 cesserant
1358 3284 1470 3341 (suis
1486 3285 1684 3340 ducibioe)
1718 3284 1908 3340 praemia
1940 3283 2374 3342 tortitudinie,proe·

399 3346 490 3389 mia
518 3349 593 3388 est
614 3354 682 3387 en
711 3344 996 3398 appositiva.

451 3411 498 3453 3.
532 3405 712 3450 Senior.
738 3409 796 3450 ce
814 3408 1092 3461 comparatis
1116 3408 1145 3451 h
1166 3418 1311 3453 cause
1339 3409 1398 3452 de
1409 3408 1692 3461 iunioribus.

452 3469 500 3512 4.
530 3470 735 3522 Anaxa&
755 3467 984 3522 d’Augaea,
1014 3468 1129 3512 ville
1159 3469 1216 3513 de
1245 3468 1539 3515 macedoine.

452 3531 500 3574 5.
533 3531 597 3572 Ab
624 3541 690 3581 eo,
720 3531 770 3573 ab
788 3540 970 3573 comme
991 3534 1110 3583 poet,
1139 3532 1530 3585 occandum‚n’·est
1551 3542 1637 3585 pas
1665 3531 1938 3577 tresusuei.

449 3595 500 3637 6.
538 3591 639 3635 Cum
665 3592 821 3635 vellet.
854 3591 959 3635 Cum
988 3592 1213 3643 temporel
1239 3604 1352 3637 avec
1380 3595 1425 3638 le
1444 3593 1713 3649 subjonctir.
1738 3596 1811 3641 Cf.
1841 3598 1914 3649 111,
1936 3606 1998 3648 iv.
2019 3600 2126 3639 note
2150 3599 2200 3641 Β.
