2517 3975
670 243 1060 283 msa-omnum
1098 241 1430 280 ALEXANnm
1468 242 1548 294 ιν,
1592 241 1696 279 vu.
2098 224 2170 278 ’Π

197 350 531 419 deduceret,
575 350 920 405 imitatum¹⁸
948 365 1015 404 se
1058 363 1192 404 esse
1234 364 1407 419 poena
1445 349 1507 403 in
1539 347 1770 403 hostem
1811 347 2169 418 capienda¹’.

263 437 548 494 Cecidere
581 438 903 492 Persarum
934 436 1312 506 Arabumque
1341 435 1499 491 circa
1527 453 1569 489 x
1597 435 1802 502 millia,
1839 451 1949 490 nec
1978 435 2172 490 Mace-
2228 439 2299 493 30

198 526 457 581 donibus
485 528 796 581 incruenta
823 525 1076 579 victoria
1106 523 1234 578 fuit.
1269 523 1516 579 Obsidio
1546 526 1705 578 certe
1737 538 1856 577 non
1901 526 2020 577 tam
2049 523 2172 578 cla·—

195 616 367 669 ritate
403 613 576 667 urbis
621 613 931 669 nobilitata
979 615 1091 675 est,
1123 626 1301 681 quam
1345 613 1641 683 geminato
1681 610 1943 681 periculo
1974 613 2165 683 regis,

195 702 330 771 Qui,
358 701 687 773 AEgyptum
715 700 880 755 adire
907 699 1221 765 festinans,
1253 703 1547 768 Amyntan
1580 714 1712 753 cum
1734 717 1774 752 x
1793 698 2176 754 triremibus*

196 792 263 845 in
292 789 698 844 Macedoniam
726 788 801 843 ad
828 787 1333 860 inquisitionem¹⁰
1373 802 1667 843 novorum
1711 787 1965 841 militum
1994 788 2175 841 misit.

197 879 468 950 Namque
497 878 671 933 etiam
705 876 1035 933 secundis'¹
1066 877 1469 930 atterebantur
1515 879 1710 931 tamen
1738 876 1946 947 copiae,
1984 875 2178 929 devic-
2231 884 2293 937 31

197 969 511 1037 tarumque
558 967 825 1038 gentium
859 965 1030 1019 militi
1066 965 1266 1020 minor
1302 979 1479 1036 quam
1520 964 1838 1021 domestico
1888 963 2037 1019 fides
2076 961 2178 1017 ha..

198 1054 477 1110 bebatur.

993 1220 1246 1277 CAPUT
1298 1222 1401 1276 V11

201 1378 500 1430 Alexandro
537 1390 603 1425 en
635 1359 858 1440 ssgypte.
894 1401 958 1411 —
987 1376 1199 1439 voyage
1235 1388 1303 1424 au
1335 1373 1525 1438 temple
1560 1374 1623 1424 de
1656 1374 1860 1436 Jupiter
1894 1374 2171 1422 Hammon.

1029 1507 1203 1565 (niver,
1229 1507 1357 1562 332.)

276 1657 579 1731 AEgyptii‚
612 1658 753 1714 olim
792 1658 1113 1714 Persarum
1142 1656 1359 1728 opibus
1386 1656 1636 1725 infensi,
1664 1657 1880 1729 quippe
1919 1671 2098 1712 avare
2127 1659 2185 1712 et
2239 1654 2266 1708 1

207 1746 472 1818 superbe
502 1747 905 1818 imperitatum
934 1746 1050 1801 sibi
1078 1760 1218 1800 esse
1266 1745 1602 1815 credebant,
1647 1745 1721 1800 ad
1765 1761 1934 1816 spem
1963 1745 2185 1802 adven·

206 1839 310 1890 tus
366 1834 501 1907 ojus
537 1837 848 1892 erexerant
884 1834 1141 1904 animos,
1180 1836 1383 1904 utpote
1429 1835 1530 1904 qui
1572 1834 1914 1905 Amyntam¹
1955 1848 2185 1905 quoque

207 1922 608 1998 transfugam,
641 1928 696 1979 et
725 1939 858 1980 cum
888 1923 1159 1995 precario
1189 1922 1440 1994 imperio
1484 1923 1837 1991 venientem,
1867 1923 1990 1977 laeti
2017 1937 2187 1978 rece-

210 2014 470 2085 pissent.
517 2013 703 2086 Igitur
740 2013 962 2085 ingens
1005 2011 1314 2070 multitudo
1360 2011 1686 2078 Pelusium,
1717 2027 1832 2083 qna
1859 2011 2189 2066 intraturus
2242 2012 2277 2064 2

215 2100 547 2170 videbatur,
581 2104 966 2158 convenerat.
1003 2100 1194 2171 Atque
1221 2098 1343 2170 ille,
1383 2101 1638 2169 septimo
1668 2100 1763 2154 die
1803 2102 2115 2171 postquam
2157 2116 2190 2154 a

216 2188 408 2245 Gaza²
452 2190 658 2261 copias
694 2192 984 2255 moverat,
1029 2190 1089 2243 in
1115 2187 1427 2258 regionem
1476 2188 1775 2260 ,⁴Egypti⁸²
1817 2199 1994 2257 quam
2035 2202 2193 2242 nunc

270 2370 345 2413 18.
376 2365 627 2411 Imitatum.
651 2363 827 2410 Achille
846 2363 995 2409 traina
1012 2364 1060 2410 le
1079 2375 1216 2423 corps
1240 2365 1453 2410 d’flector
1470 2368 1637 2409 autour
1657 2364 1740 2408 des
1759 2373 1886 2407 murs
1904 2362 1962 2407 de
1981 2363 2133 2409 Troia.

482 2462 645 2507 Hector
671 2465 876 2517 raptatus
903 2461 1037 2517 biota,
1065 2465 1114 2506 ut
1141 2463 1367 2519 quondam,
1396 2466 1579 2519 aterque
1606 2465 1785 2507 cruento

482 2525 685 2580 Pulvere,
707 2536 869 2581 perque
892 2524 1028 2581 pedet
1057 2526 1279 2579 trajectus
1307 2525 1402 2569 lora
1433 2528 1671 2569 tumentes,

1396 2604 1566 2662 (virg.,
1606 2604 1724 2657 asu„
1753 2607 1808 2659 11,
1831 2603 1956 2656 ειη.)

490 2701 574 2746 Ter
599 2702 765 2746 circum
789 2702 949 2747 Iliacae
975 2704 1234 2759 raptaverat
1263 2701 1450 2747 Hectora
1478 2713 1646 2749 muros.

1581 2779 1731 2837 (Em,
1752 2784 1786 2838 1,
1806 2780 1928 2834 483.)

260 2878 350 2982 lit).
378 2878 515 2926 Poena
543 2877 590 2923 in
619 2876 789 2922 lto-vtem
814 2879 1045 2934 capienda.
1085 2881 1148 2924 La
1184 2879 1387 2923 locution
1426 2878 1611 2924 usuelle
1638 2882 1720 2925 est
1755 2890 1926 2934 poenam
1964 2889 2116 2935 capere
2144 2878 2196 2923 de

223 2951 255 2983 a
279 2952 391 2995 aquo.

282 3001 355 3049 ΞΟ.
380 3002 738 3059 Ιπᾳιιίεἱείοηεηι,
760 3014 877 3057 pour
893 3002 1274 3059 eosqui-titionem,
1293 3003 1412 3046 n’est
1433 3013 1517 3056 pas
1536 3004 1594 3048 de
1622 3004 1797 3058 l’usage
1822 3001 2078 3059 classique.

285 3063 355 3111 21.
384 3063 616 3119 Secundis,
635 3064 833 3119 adjectis
847 3065 1058 3120 employa
1085 3064 1519 3121 substantivement‚
1547 3076 1724 3111 comme
1747 3065 1954 3111 secundis
1979 3067 2128 3112 rebus.

291 3128 379 3173 vn.
411 3148 467 3161 -
493 3129 539 3171 1.
570 3127 824 3182 Amyntam.
848 3130 912 3172 Ne
951 3137 1036 3183 pas
1078 3126 1327 3174 confondre
1356 3131 1431 3171 cet
1454 3128 1665 3183 Amyntae
1688 3140 1802 3173 avec
1830 3128 1954 3174 celui
1991 3130 2056 3172 du
2087 3128 2199 3172 cha-

228 3185 353 3243 pitre
380 3189 658 3245 precedent.

287 3251 379 3296 2·3.
411 3252 446 3295 Α
481 3251 621 3296 Gaza.
651 3254 717 3295 La
758 3250 1047 3307 preposition
1073 3251 1245 3295 devant
1274 3249 1347 3295 les
1368 3262 1499 3296 nome
1533 3264 1724 3309 propt-es
1757 3254 1817 3297 de
1842 3254 1982 3299 villos
2005 3252 2117 3296 etait
2143 3252 2199 3295 de

229 3310 359 3367 regie
379 3315 530 3369 quand
550 3325 611 3358 on
628 3311 804 3358 voulait
822 3312 1037 3369 indiquer
1054 3324 1146 3369 que
1164 3312 1210 3357 le
1230 3313 1363 3368 point
1391 3315 1449 3358 de
1469 3314 1633 3370 depart
1666 3315 1779 3359 &tait
1813 3328 1908 3360 non
1926 3327 2008 3371 pas
2046 3313 2203 3358 l’inte-

232 3371 371 3426 riom,
394 3375 511 3420 maie
548 3375 817 3421 l'exterieur
846 3377 902 3420 de
939 3376 982 3420 la
1006 3374 1138 3419 ville.
1173 3375 1488 3421 Renuntiatum
1515 3381 1588 3422 eet
1611 3389 1668 3422 ue
1694 3378 1879 3423 Brutum
1916 3377 2147 3428 obaetderea
2176 3385 2203 3416 a

233 3435 400 3481 latim
422 3437 669 3483 diseederet
687 3438 820 3493 (cim,
844 3437 990 3489 Plau„
1010 3440 1102 3494 ΧΠ,
1129 3449 1174 3493 v,
1192 3438 1281 3492 11).
1313 3460 1364 3471 -
1387 3438 1526 3483 cesar
1544 3439 1627 3484 fait
1647 3441 1693 3484 le
1710 3440 1840 3495 siege
1876 3440 1934 3483 de
1953 3435 2199 3492 Gergovia.

236 3496 383 3542 Gaeear
406 3511 439 3544 ο
462 3499 675 3555 Gerooaia
702 3500 912 3544 discessit
939 3498 1094 3556 (Caes.‚
1113 3498 1235 3543 Bell.
1270 3499 1416 3555 Gall„
1442 3505 1535 3556 vll,
1555 3501 1648 3556 59).
1672 3524 1724 3535 -
1744 3499 2044 3555 Quelquerois
2075 3496 2201 3541 aussi

238 3559 292 3601 la
306 3560 581 3617 prepositum
600 3561 713 3606 §tait
731 3562 851 3605 mise
869 3572 978 3605 sans
998 3571 1089 3617 que
1108 3564 1233 3605 cette
1248 3562 1489 3606 condition
1507 3562 1579 3607 tut
1606 3563 1822 3617 templie.
1853 3562 1911 3606 vt
1936 3562 1989 3604 ab
2016 3557 2204 3603 Athenis
