2517 3975
253 359 288 413 5

226 2315 295 2375 10

226 2585 291 2640 11

350 231 451 291 138
1108 247 1160 292 Q.
1199 247 1370 286 enarr
1407 246 1543 287 num

414 356 662 426 Jamque
693 354 849 410 haud
877 355 1083 426 procul
1110 356 1257 410 urbe
1289 360 1476 423 erant,
1504 372 1638 412 cum
1685 353 2016 412 miserabile
2058 362 2261 424 agmen,

344 443 501 500 inter
535 458 721 513 pauca
765 444 1017 499 fortunae
1060 444 1331 515 exempla
1369 442 1827 508 memorandum,
1857 442 1986 516 regi
2026 435 2264 497 occurrit.

342 531 575 602 Captivi
603 535 769 587 emnt
788 532 980 587 Gracci
1000 534 1072 587 ad
1094 550 1180 587 ηπ
1208 533 1564 606 millia-fere,
1595 550 1746 605 quos
1763 535 1959 589 Persae
1974 531 2130 585 vario
2145 541 2267 597 sup-

346 619 659 692 pliciorum
698 622 872 676 modo
905 620 1243 678 affecerant.
1294 623 1462 678 Alios
1501 623 1777 694 pedibus,
1809 619 2087 694 quosdam
2110 612 2269 673 mani·-

344 711 463 765 bus
508 709 868 780 auribusque
905 711 1246 782 amputatiS,
1302 712 1602 782 inustique
1648 712 2028 767 barbararum
2077 707 2271 761 littera·

343 814 477 854 rum
514 799 693 870 notis,
733 800 794 854 in
845 801 1096 871 longum
1143 800 1241 854 sui
1279 800 1600 855 ludibrium
1631 799 2091 856 reservaverant
2129 812 2143 850 t
2177 793 2270 863 et‘,

346 903 483 944 cum
530 905 599 945 se
641 904 872 959 quoque
921 890 1129 944 eliense
1173 889 1454 944 dicionis⁷
1497 904 1633 945 esse
1679 891 2007 955 cernerent,
2037 884 2274 940 volentes

346 979 480 1050 regi
503 994 818 1033 occurrere
848 994 966 1032 non
995 978 1441 1048 prohibuerant.
1466 979 1771 1033 Invisitata
1800 974 2156 1043 simulacra⁸‚
2176 983 2278 1026 non

344 1067 613 1121 homines
661 1065 1035 1131 videbantur,
1065 1082 1175 1122 nec
1223 1068 1536 1138 quicquam
1580 1069 1641 1121 in
1688 1067 1808 1121 illis
1844 1068 2060 1137 praeter
2100 1075 2280 1117 vocem

342 1157 571 1223 poterat
608 1155 883 1226 agnosci.
923 1155 1135 1210 Plures
1180 1155 1365 1228 igitur
1410 1156 1683 1211 lacrimas
1712 1169 2101 1224 commovere,
2132 1162 2282 1221 quam

345 1243 736 1312 profuderant
765 1244 883 1314 ipsi
932 1261 945 1298 :
988 1244 1205 1316 quippe
1250 1245 1313 1299 in
1360 1249 1477 1299 tam
1516 1245 1825 1316 multiplici
1872 1245 2150 1314 variaque
2176 1239 2284 1292 for·

346 1333 487 1386 tuna
533 1331 930 1405 singulorum,
974 1334 1343 1388 intuentibus
1387 1335 1619 1389 similes
1666 1334 1924 1405 quidem,
1984 1332 2090 1387 sed
2117 1333 2290 1384 tamen

349 1419 655 1491 dispares⁹
702 1439 928 1493 poenas,
978 1423 1112 1493 quis
1156 1424 1409 1478 maxime
1449 1423 1810 1478 miserabilis
1858 1425 2039 1492 esset,
2090 1419 2285 1488 liquere

345 1522 467 1562 nou
487 1511 733 1579 poterat.
759 1510 836 1565 Ut
856 1525 991 1564 vero
1014 1509 1219 1564 Jovem
1242 1509 1329 1564 illi
1349 1511 1604 1579 tandem,
1626 1509 1870 1564 Graeciae
1894 1511 2156 1575 ultorem,
2180 1516 2291 1573 ape·

345 1598 541 1654 ruisse
582 1598 786 1653 oculos
824 1600 1289 1669 conclamavere,
1344 1614 1553 1654 omnes
1598 1600 1725 1670 pari
1778 1598 2072 1668 supplicio
2117 1590 2290 1649 affecti

345 1685 766 1741 videbanturw.
802 1686 952 1754 Rex,
984 1687 1297 1758 abstersiS‚
1333 1704 1479 1758 quas
1508 1688 1867 1758 profuderat,
1899 1687 2182 1753 lacrimis,
2209 1682 2294 1734 bo·

348 1786 491 1829 num
519 1774 738 1829 habere
757 1775 793 1802 ¹¹
819 1776 1077 1828 animum
1100 1775 1269 1847 Jubet
1292 1794 1304 1828 :
1331 1777 1573 1831 visuros
1601 1774 1784 1830 urbes
1815 1791 1982 1842 suae,
2007 1773 2297 1845 conjuges-

347 1876 461 1933 que
501 1864 557 1916 et
585 1862 828 1918 liberos,
859 1861 1067 1917 Castra
1112 1862 1247 1919 inde
1285 1865 1401 1919 duo
1432 1864 1505 1918 ab
1537 1863 1684 1919 urbe
1714 1863 1946 1918 stadia*
1978 1859 2295 1917 communit.

348 1951 538 2007 Graeci
581 1953 964 2007 excesserant
1007 1952 1163 2007 vallo
1184 1952 1226 2024 *,
1258 1950 1642 2009 deliberaturi
1684 1952 1825 2023 quid
1868 1951 2239 2023 potissimum
2272 1959 2299 1999 a

347 2057 490 2115 rege
520 2045 832 2111 peterent:
876 2056 1124 2112 cumque
1176 2041 1310 2096 aliis
1353 2043 1554 2097 sedem
1593 2044 1653 2096 in
1695 2041 1840 2096 Asia
1895 2054 2138 2114 rogare,
2185 2036 2300 2091 aliis

350 2130 573 2186 reverti
614 2131 823 2186 domos
851 2130 1130 2201 placeret,
1160 2129 1482 2185 Euctemon
1520 2130 1845 2201 Cymaeus¹¹
1872 2130 1953 2184 ita
1983 2131 2211 2185 locutus
2239 2123 2303 2179 ad

351 2234 454 2275 eos
486 2220 676 2275 fertur
708 2237 721 2275 τ

427 2329 450 2356 α
482 2307 549 2375 Ii,
588 2308 690 2379 qui
727 2307 903 2363 modo
932 2308 1108 2361 etiam
1150 2306 1224 2361 ad
1266 2321 1441 2377 opem
1481 2306 1794 2378 petendam
1836 2322 1912 2362 ex
1959 2303 2218 2362 tenebris
2256 2300 2307 2355 et

353 2411 588 2453 carcere
619 2396 939 2468 procedere
969 2396 1335 2465 erubuimuS‚
1371 2398 1434 2450 ut
1462 2412 1619 2450 nunc
1654 2400 1766 2462 est,
1799 2396 2094 2466 supplicia
2121 2396 2308 2449 nostra

352 2514 419 2525 -
449 2501 699 2555 quorum
726 2502 837 2541 nos
859 2484 1123 2556 pudeat¹⁸
1152 2485 1340 2556 magis
1367 2501 1441 2539 au
1466 2487 1741 2555 paeniteat
1755 2485 1795 2512 ¹⁴
1823 2485 2118 2540 incertum
2146 2484 2309 2538 est-

356 2574 651 2629 ostentare
680 2573 948 2644 Graeciae,
972 2575 1131 2629 velut
1154 2571 1352 2629 laetum
1382 2575 1802 2646 spectaculum,
1827 2574 2125 2643 cupimus.
2147 2565 2310 2642 Atqui

359 2662 573 2732 optime
602 2664 878 2718 miserias
917 2662 1131 2730 ferunt,
1168 2662 1269 2732 qui
1299 2662 1689 2731 abscondunt,
1721 2677 1832 2716 nec
1857 2659 1973 2716 ulla
2002 2666 2120 2717 tam
2151 2651 2311 2714 fa'mi-

351 2751 519 2805 liaris
549 2753 637 2805 est
666 2752 998 2808 infelicibus
1030 2754 1241 2823 patria,
1276 2766 1452 2824 quam
1484 2750 1745 2805 solitudo
1767 2752 1835 2805 ·et
1873 2753 2065 2805 status
2102 2745 2312 2822 prioris

401 2950 451 2992 6.
486 2945 546 2991 Et
575 2946 764 3002 indique
791 2947 852 2992 ici
876 2958 966 2992 une
994 2946 1284 3004 opposition3
1306 2946 1337 2990 il
1358 2951 1430 2991 est
1453 2946 1479 2989 ὲ,
1501 2958 1594 3002 peu
1617 2913 1729 3002 *pres
1759 2944 2054 3001 1·equivalent
2080 2946 2139 2991 de
2163 2943 2263 2989 sed.

403 3016 451 3055 ’1.
481 3009 693 3062 Didonis,
723 3011 894 3065 genitis
911 3011 967 3055 de
992 3010 1283 3066 possession.
1315 3011 1386 3055 Cf.
1423 3013 1494 3064 lv,
1526 3021 1586 3060 w,
1616 3014 1722 3052 note
1747 3011 1818 3054 18.

353 3137 371 3176 Ι
408 3070 756 3177 {73Sinulacrffi
781 3073 863 3115 des
887 3079 1120 3158 spectres.
1143 3072 1391 3116 Simulacra
1415 3071 1781 3126 modispauentia
1792 3071 1947 3115 miris.
1969 3069 2117 3123 virg..
2141 3066 2315 3117 Gara„

408 3200 456 3241 9.
489 3195 752 3244 simelae...
780 3196 1001 3251 diepam.
1035 3200 1154 3241 'rous
1183 3201 1290 3241 sont
1328 3196 1532 3253 mutiles,
1557 3206 1672 3240 mais
1701 3196 1770 3241 les
1794 3194 2078 3240 mutilationis
2103 3194 2209 3235 sont
2235 3185 2318 3233 dif-

355 3257 591 3303 ferentes.-

409 3321 484 3367 10.
522 3321 674 3364 Οηιηεε
697 3317 783 3363 sibi
810 3319 1091 3368 videbantur.
1115 3323 1231 3365 Tout
1254 3322 1299 3365 le
1319 3321 1485 3365 monde
1507 3320 1640 3376 (dans
1667 3319 1870 3374 l'armee)
1901 3315 2157 3374 croyait...

411 3384 482 3428 11.
515 3382 644 3427 Iubet
668 3381 843 3435 habere,
862 3381 1028 3433 ellipse
1052 3383 1114 3428 du
1144 3383 1268 3437 sujet
1289 3384 1348 3426 de
1362 3384 1405 3425 la
1434 3382 1721 3438 proposition
1751 3380 1978 3425 infinitivo
2006 3386 2099 3422 eos.

411 3445 486 3492 19..
523 3445 729 3499 cymaeue,
760 3445 817 3487 de
837 3443 999 3497 Cyme,
1021 3443 1114 3487 citt
1142 3444 1355 3488 eolienne
1382 3446 1439 3488 de
1467 3443 1605 3487 l’Asie
1627 3445 1845 3495 Mineure,
1871 3453 1952 3486 sur
1974 3443 2016 3484 la
2035 3438 2162 3483 cete.

410 3508 480 3553 13.
512 3507 681 3551 Pudeat
704 3518 763 3551 an
780 3505 1012 3559 poeniteat.
1047 3505 1218 3560 Ellipse
1237 3505 1296 3550 de
1319 3510 1487 3552 utrum.
1514 3505 1583 3550 Cf.
1602 3508 1673 3562 111,
1695 3517 1797 3562 vm,
1821 3510 1932 3552 note
1956 3503 2029 3547 13.

409 3570 482 3616 ss.
515 3568 752 3621 Poem'oeat,
778 3570 1029 3624 regretter.
1346 3571 1352 3577 ·
