2517 3975
638 233 1032 274 msTomAmm
1070 234 1406 275 nemnem
1442 236 1500 289 v,
1540 236 1581 273 1.
1993 216 2094 272 121

177 333 380 404 humor,
408 340 506 408 qui
534 356 607 396 ex
631 344 884 415 utroque
914 359 1085 401 amne
1114 346 1332 410 manat,
1363 344 1482 397 toto
1530 340 1656 396 fere
1700 340 1828 395 solo
1854 342 2122 411 propter⁸

174 438 332 480 venas
357 441 635 497 aquarum
654 431 693 458 ¹²
720 430 1041 486 resudante
1060 430 1122 484 ¹⁸.
1149 431 1271 501 ipsi
1290 444 1499 485 amnes
1518 444 1594 484 ex
1615 431 1910 484 Armeniae
1929 443 2101 483 mon-

174 512 311 566 tibus
350 516 643 585 prossuunt
678 534 746 573 ac
791 534 1005 592 magno
1040 520 1253 575 deinde
1295 533 1580 590 aquarum
1620 518 1936 572 divortio¹⁸
1963 519 2096 585 iter,

173 602 302 668 quod
336 609 652 675 coeperunt,
685 611 1041 677 percurrunt
1074 626 1087 662 ε
1122 626 1165 663 ιι
1195 608 1379 662 millia
1420 610 1476 662 et
1515 606 1837 678 quingenta
1867 606 2097 661 stadia*

171 692 366 745 emensi
396 697 552 762 sunt,
582 694 679 766 qui
715 694 1149 767 amplissimum
1191 696 1567 751 intervallum
1607 694 1761 750 circa
1795 692 2095 750 Armeniae

169 782 370 834 montes
427 784 800 838 notaverunt.
852 784 1046 851 Idem,
1097 799 1235 840 cum
1291 783 1501 838 Mediae
1559 786 1618 838 et
1671 782 2096 853 Gordyaeorum

167 866 331 921 terras
370 885 570 926 secare
611 876 934 941 coeperunt,
968 872 1250 943 paulatim
1293 872 1354 925 in
1384 874 1574 926 artius
1604 874 1837 937 coeunt,
1868 873 1946 938 et,
1977 886 2093 943 quo

167 952 372 1026 longius
400 961 657 1025 manant,
688 959 801 1015 hoc
841 961 1158 1031 angustius
1200 961 1359 1016 inter
1395 976 1478 1015 se·
1504 960 1760 1030 spatium
1791 965 1963 1016 terrae
1993 975 2092 1013 re-

166 1041 424 1114 linquunt.
446 1048 639 1103 Vicini
669 1049 917 1105 maxime
945 1050 1172 1103 suntin
1201 1047 1449 1118 campis,
1479 1063 1629 1118 quos
1656 1048 1867 1103 incolae
1895 1048 2092 1103 Meso-

163 1135 445 1198 potamiam
493 1137 839 1208 appellant:
891 1138 1150 1193 mediam
1197 1153 1450 1210 namque
1497 1137 1569 1193 ab
1612 1141 1866 1209 utroque
1913 1137 2093 1194 latere

164 1218 394 1278 cludunt.
438 1226 600 1281 Idem
641 1242 751 1297 per
793 1226 1253 1298 Babyloniorum
1292 1227 1444 1282 fines
1485 1227 1548 1280 in
1586 1228 1834 1282 rubrum
1874 1228 2110 1283 mare¹⁸·

162 1319 482 1382 irrumpunt.

217 1398 534 1458 Alexander
572 1405 801 1473 quartis
840 1406 1052 1459 castris
1071 1404 1092 1426 *
1121 1405 1196 1458 ad
1224 1405 1527 1460 Mennin'⁸
1558 1404 1764 1458 urbem
1798 1404 2092 1475 pervenit.

161 1484 394 1545 Caverna
448 1493 534 1548 ibi
593 1496 713 1562 est,
764 1508 839 1547 ex
886 1509 1000 1564 qua
1056 1492 1195 1548 fons
1244 1494 1552 1564 ingentem
1607 1491 1917 1547 bituminis
1971 1494 2093 1547 vim

160 1573 388 1646 effundit,
419 1581 564 1637 adeo
609 1585 672 1636 ut
716 1583 864 1636 satis
907 1585 1135 1636 constet
1179 1582 1540 1652 Babylonios
1570 1596 1796 1648 muros,
1829 1581 2094 1652 ingentis

161 1668 353 1736 operis,
382 1669 566 1742 hujus
605 1670 788 1726 fontis
815 1671 1102 1726 bitumine
1132 1671 1432 1726 interlitos
1462 1685 1618 1725 esse.

214 1753 488 1828 Ceterum,
514 1760 822 1830 Babylona
852 1760 1192 1833 procedenti
1221 1759 1561 1816 Alexandro
1589 1760 1870 1829 MazaeuS‚
1889 1760 1989 1831 qui
2019 1775 2094 1816 ex

159 1843 260 1896 acie
287 1845 342 1899 in
368 1862 492 1902 eam
526 1846 739 1903 urbem
769 1848 1191 1920 confugerat¹⁷,
1222 1864 1357 1902 cum
1377 1848 1593 1903 adultis
1613 1847 1824 1903 liberis
1840 1848 2092 1919 supplex

159 1937 400 2003 occurrit,
430 1938 642 1992 urbem
687 1952 870 2009 seque
914 1937 1158 1994 dedens·
1204 1937 1417 1994 Gratus
1462 1937 1752 1993 adventus
1788 1937 1924 2009 ejus
1961 1936 2091 2008 regi

157 2019 263 2090 suit,
291 2026 497 2097 quippe
530 2028 736 2098 magni
765 2027 966 2097 operis
996 2025 1232 2084 obsidio
1265 2026 1463 2081 futura
1495 2029 1619 2082 erat
1639 2026 1677 2054 ¹⁸
1702 2031 1818 2082 tam
1849 2027 2090 2081 munitae

156 2110 314 2165 urbis.
333 2114 418 2169 Ad
449 2115 569 2169 hoc
598 2115 693 2167 vir
719 2114 972 2170 illustris
987 2118 1044 2170 et
1070 2130 1248 2169 manu
1270 2117 1600 2185 promptuS,
1622 2113 1894 2183 famaque
1916 2113 2090 2168 etiam

155 2201 386 2264 proximo
415 2203 632 2275 proelio
664 2203 918 2259 celebris
936 2202 996 2273 ⁴⁹,
1028 2206 1087 2257 et
1113 2206 1347 2259 ceteros
1372 2202 1444 2256 ad
1473 2202 1832 2257 deditionem
1862 2202 1960 2256 sui
1988 2201 2088 2257 in-

194 2443 254 2486 12.
290 2442 418 2487 Venae
443 2452 681 2499 aquarum.
703 2444 789 2485 Les
814 2442 1002 2485 rameux
1020 2452 1200 2485 caneux
1212 2441 1291 2494 qui
1310 2439 1613 2484 sillonnaient
1640 2439 1682 2482 la
1700 2437 2025 2493 mesopotamia
2038 2444 2085 2483 et

154 2500 331 2547 reliaient
358 2506 401 2549 le
416 2505 559 2559 Tigre
589 2502 616 2547 a
634 2504 895 2559 l'Euphrate
910 2503 1066 2561 (Rem,
1090 2503 1305 2554 Artaba-re,
1328 2507 1363 2559 Ι,
1394 2514 1477 2559 vu,
1498 2506 1571 2558 153
1595 2501 1834 2557 Her-edoce,
1856 2504 1890 2557 1,
1907 2501 2027 2557 193).

191 2566 249 2610 13.
282 2567 530 2611 Resudante
557 2572 631 2610 est
649 2565 884 2622 poetique.

193 2628 251 2672 1⁴.
281 2629 490 2685 Dium-tio,
516 2640 654 2673 cours
678 2640 736 2672 en
767 2640 880 2672 sens
904 2627 1151 2675 contraire.

195 2694 254 2737 15.
284 2692 399 2736 isare
414 2692 626 2737 Rubrum.
648 2691 718 2735 Cr.
744 2695 821 2743 111,
846 2704 893 2743 ιι,
916 2699 1023 2733 note
1052 2690 1124 2734 14.

192 2754 251 2796 16.
279 2754 468 2799 uennin.
512 2758 657 2798 'route
700 2759 823 2798 cette
861 2753 1022 2807 region
1061 2757 1133 2795 est
1178 2750 1371 2806 remplie
1411 2752 1468 2795 de
1514 2749 1693 2795 ruines.
1727 2754 1797 2798 On
1825 2763 1853 2795 a
1886 2753 2083 2807 propose

152 2808 393 2861 d'identifler
410 2817 589 2862 nennis
611 2826 722 2860 avec
742 2816 787 2861 la
806 2816 918 2860 ville
948 2815 1167 2859 medei-ne
1195 2814 1253 2858 de
1274 2815 1489 2858 Kerkouk
1511 2815 1537 2857 a
1557 2825 1700 2859 cause
1726 2813 1789 2858 du
1807 2816 1975 2869 naphte
1990 2826 2083 2870 que

150 2871 221 2917 l'on
236 2888 258 2931 y
284 2878 506 2923 recueille
533 2890 592 2922 en
616 2878 790 2933 grande
808 2877 1038 2935 quantite,
1058 2882 1105 2921 et
1124 2877 1206 2921 des
1225 2887 1417 2921 sources
1436 2876 1775 2923 bitumineuses
1804 2876 1897 2939 qui¹
1908 2877 2079 2933 jainis-

150 2943 234 2980 sent
253 2951 310 2984 un
325 2953 413 2995 peu
427 2943 536 2997 plus
554 2953 613 2984 au
637 2943 688 2989 S.

191 3004 252 3045 17.
280 3003 344 3046 Es:
370 3005 470 3048 acie
498 3004 764 3056 consenuerat.
784 3005 855 3057 lv,
875 3014 978 3053 xvi,
1000 3003 1047 3046 7.

190 3062 250 3107 18.
284 3065 443 3109 Futura
473 3070 592 3113 erat.
617 3066 687 3109 Cf.
721 3068 793 3121 111,
814 3076 878 3120 lv,
901 3071 1009 3109 note
1030 3070 1079 3109 6.

190 3125 249 3170 19.
283 3126 494 3172 Celebris.
530 3128 652 3172 C'est
677 3140 740 3172 un
773 3127 920 3171 vieux
945 3127 1192 3172 masculin.
1237 3131 1326 3172 Les
1354 3127 1571 3183 adiectifs
1603 3127 1715 3173 dont
1753 3129 1797 3173 le
1821 3126 1997 3172 radicel
2031 3139 2084 3172 se

152 3187 313 3233 termine
339 3202 423 3245 par
439 3191 476 3246 i,
504 3190 701 3245 precede
725 3191 781 3234 de
803 3202 846 3243 r,
872 3194 953 3233 ont
974 3190 1265 3245 quelquerois
1290 3190 1516 3235 conserve
1537 3195 1662 3234 cette
1690 3190 1834 3234 forme
1862 3192 1969 3244 plus
1999 3202 2083 3235 an·

154 3244 346 3297 cienne.«
374 3257 470 3296 Aux
506 3253 725 3307 antiques
753 3251 984 3304 feminine,
1012 3252 1190 3307 celeris,
1217 3255 1458 3309 equestris.
1485 3253 1691 3306 sanabria,
1719 3252 2083 3306 correspondent

154 3302 205 3351 les
227 3315 488 3369 masculine,
519 3317 650 3365 celer,
681 3313 898 3370 equam,
927 3315 1116 3368 saluber,
1137 3315 1217 3370 qui
1247 3321 1328 3359 ont
1348 3316 1496 3370 perdu
1526 3315 1570 3359 la
1593 3314 1893 3359 terminaison
1918 3312 1987 3367 ⁸⁶83
2018 3324 2080 3356 un

156 3379 172 3408 e
191 3375 414 3421 auxiliaire
431 3378 560 3433 (saus
582 3378 698 3423 dans
717 3378 837 3421 celer
863 3376 924 3421 01'1
956 3377 1010 3421 i'e
1036 3383 1110 3423 est
1141 3378 1421 3434 organique)
1440 3390 1468 3421 a
1496 3376 1571 3422 ete
1595 3377 1752 3421 insere
1780 3377 1917 3431 apres
1945 3386 2081 3429 coup.

158 3433 255 3478 cette
279 3438 546 3500 distinction
574 3447 707 3484 entre
727 3438 810 3484 des
830 3440 1001 3484 formes
1029 3439 1396 3494 primitivement
1424 3440 1638 3496 pareilies
1665 3443 1739 3483 est
1759 3438 1855 3483 tres
1874 3437 2076 3487 recente,

160 3499 192 3534 et
211 3494 267 3542 les
295 3502 399 3555 plus
427 3504 616 3548 anciens
644 3507 834 3546 auteurs
878 3512 938 3545 ne
968 3503 1015 3544 la
1049 3502 1345 3547 connaissent
1384 3514 1485 3557 pas.
1516 3502 1691 3546 Ennius
1728 3502 1865 3546 disait
1906 3507 2078 3541 sommas

161 3559 247 3603 acrio
269 3567 314 3606 et
338 3574 440 3609 acer
466 3564 635 3621 hiemps
653 3563 913 3620 (Bucheler,
933 3564 1110 3610 Βέσιίπ.
1151 3563 1308 3621 latine,
1338 3566 1460 3611 trad.
1484 3569 1645 3619 navet,
1666 3573 1717 3618 p.
1741 3563 1834 3616 12).

2154 433 2227 489 13

2151 789 2219 843 14

2149 1055 2221 1110 15

2149 1409 2219 1464 16

2147 1759 2216 1814 17

2145 2114 2217 2169 18
