2517 3975
483 233 592 288 276
1243 250 1299 295 Q.
1340 250 1511 288 cmm
1547 249 1684 288 nur-1

480 357 732 425 poterat,
779 355 937 409 haud
980 355 1095 410 alio
1132 356 1332 411 animo
1369 372 1545 428 quam
1588 355 1852 426 parentis
1894 357 2249 427 adspexerat,
2281 358 2387 409 tuuc

481 443 545 496 in
572 458 832 498 amorem
863 444 1249 516 virgunculae,
1284 446 1338 499 si
1367 445 1550 516 regiae
1582 446 1757 514 stirpi
1784 449 2233 516 compararetur,
2257 446 2389 515 igno-

481 530 644 599 bilis,
668 532 745 585 ita
766 531 998 587 effusus
1028 537 1138 599 est,
1163 536 1226 586 ut
1252 533 1473 587 diceret
1500 533 1574 587 ad
1605 533 2023 588 stabiliendum
2046 549 2278 607 regnum
2292 547 2388 602 per·

480 619 672 675 tinere
712 619 932 675 Persas
970 627 1026 676 et
1068 622 1422 676 Macedones
1461 621 2086 695 connuhio¹⁰*jungi:
2124 644 2146 670 α
2179 623 2275 676 hoc
2299 635 2385 673 uuo

481 708 655 763 modo
701 713 759 766 et
810 709 1099 779 pudorem
1143 710 1320 764 victis
1364 712 1422 764 et
1470 710 1810 780 superbiam
1842 711 2173 766 victoribus
2212 706 2385 764 detrahi

356 799 428 856 26
480 812 683 867 posse.
708 797 995 852 Achillem
1011 796 1032 814 ''
1061 812 1318 868 quoque,
1342 814 1376 851 a
1396 813 1510 867 quo
1535 813 1728 869 genus
1747 800 1876 868 ipse
1906 798 2384 863 deduceret¹',cum

481 886 765 955 captiva¹⁸
801 886 1020 940 coisse.
1050 886 1139 941 Ne
1177 885 1390 941 inferri
1422 887 1591 941 nefas
1630 886 2018 954 arbitretur¹⁹‚
2052 888 2212 942 illam
2234 883 2385 941 matri·

480 975 669 1030 monii
691 976 826 1046 jure
855 975 1010 1030 velle
1033 975 1232 1046 jungi.
1270 999 1293 1024 »

356 1067 426 1122 27
552 1063 858 1132 Insperato
888 1064 1103 1135 gaudio
1135 1063 1326 1130 laetus,
1362 1068 1531 1135 pater
1558 1080 1896 1121 sermonem
1928 1065 2065 1135 ejus
2097 1064 2313 1134 excipit.
2341 1059 2392 1116 Et

480 1167 588 1205 rex
624 1152 687 1205 in
725 1152 917 1206 medio
953 1152 1293 1222 cupiditatis
1332 1152 1547 1207 ardore
1581 1153 1765 1225 jussit
1793 1153 2001 1208 afferri
2048 1154 2234 1223 parite
2272 1163 2392 1205 more

479 1257 690 1312 panem
729 1270 799 1283 —
837 1241 948 1297 hoc
985 1247 1111 1297 erat
1151 1242 1310 1313 apud
1353 1242 1704 1297 Macedonas
1746 1243 2196 1297 sanctissimum
2223 1252 2391 1297 coeun-

477 1330 628 1384 tium
672 1330 890 1403 pignus
926 1361 998 1370 —
1041 1345 1220 1402 quem
1255 1331 1517 1385 divisum
1557 1331 1756 1402 gladio
1778 1331 1799 1352 *
1859 1333 2109 1401 uterque
2153 1325 2392 1385 libabat··.

354 1420 427 1477 28
479 1418 670 1475 Credo
700 1435 827 1489 eos,
857 1420 957 1491 qui
986 1419 1185 1491 gentis
1221 1435 1425 1475 mores
1452 1419 1863 1486 condiderunt,
1894 1435 2077 1490 parco
2119 1422 2175 1475 et
2200 1412 2392 1490 parabili

479 1508 642 1562 victu
661 1509 976 1564 ostendere
993 1508 1265 1564 voluisse
1278 1507 1678 1580 jungentibus
1699 1524 1864 1579 opes,
1885 1509 2175 1579 quantulo
2196 1501 2393 1563 contenti
2447 1465 2456 1586 ἐ

355 1597 428 1654 29
481 1611 616 1651 esse
648 1596 947 1652 deberent.
981 1597 1108 1651 Hoc
1144 1597 1318 1652 modo
1358 1612 1466 1651 rex
1492 1596 1655 1651 Asiae
1685 1600 1744 1651 et
1768 1595 2024 1666 Europae
2055 1596 2394 1652 introductam

481 1685 637 1739 inter
661 1685 1002 1740 convivales
1031 1684 1207 1739 ludos
1225 1685 1246 1706 *
1275 1684 1653 1739 matrimonio
1684 1684 1805 1738 sibi
1830 1685 2126 1755 adjunxit,
2160 1701 2192 1739 e
2220 1681 2393 1752 captiva
2445 1591 2456 1778 Ι

356 1777 426 1831 30
479 1774 805 1845 geniturus,
839 1774 941 1844 qui
968 1773 1296 1828 victoribus
1325 1773 1663 1843 imperaret.
1692 1773 1957 1828 Pudebat
1990 1774 2239 1834 amicos,
2266 1781 2394 1837 super
2453 1779 2454 1848 ᾗ

480 1861 730 1915 vinum⁸¹
759 1863 817 1916 et
847 1862 1056 1931 epulas
1099 1876 1373 1917 socerum
1411 1877 1487 1917 ex
1523 1861 1741 1916 deditis
1781 1876 1918 1916 esse
1963 1862 2280 1923 delectum
2306 1853 2392 1914 sed,

479 1952 616 2022 post
634 1947 770 2006 Cliti
791 1950 1010 2006 caedem
1028 1950 1299 2006 libertate
1318 1949 1567 2016 sublata,
1583 1948 1771 2016 vultu,
1790 1948 1891 2021 qui
1909 1950 2175 2005 maxime
2194 1940 2391 2006 servit¹⁸2
2451 1953 2452 2027 l

480 2040 980 2095 assentiebantur.
2451 2044 2452 2119 ᾗ

1299 2216 1549 2274 CAPUT
1590 2218 1638 2271 V

541 2369 831 2420 Alexandra
863 2383 1028 2434 songe
1056 2371 1088 2420 a
1117 2384 1174 2420 se
1206 2370 1334 2419 faire
1360 2370 1547 2419 adorer
1580 2369 1610 2419 a
1638 2370 1688 2419 la
1714 2371 1865 2432 facon
1899 2368 1995 2418 des
2024 2370 2139 2419 rois
2173 2380 2351 2431 perses.

1236 2476 1300 2485 -
1332 2447 1676 2498 Callisthene.

1246 2583 1420 2639 (niver,
1441 2582 1673 2637 328-327.)

392 2747 423 2803 1
548 2746 821 2803 Ceterum
864 2746 1089 2802 Indiam
1134 2748 1194 2802 et
1237 2746 1377 2801 inde
1422 2744 1721 2800 Oceanum
1767 2743 2090 2816 patitui-ua,
2123 2759 2201 2800 ne
2242 2736 2357 2812 quid
2376 2750 2402 2786 a

480 2835 669 2904 tergo,
701 2835 860 2905 quod
887 2835 1177 2890 destinata
1230 2832 1521 2905 impedire
1550 2835 1772 2902 posset,
1804 2835 2173 2899 moveretur,
2213 2847 2281 2886 ex
2304 2839 2399 2883 om-

478 2923 658 2979 nibus
699 2923 1032 2995 provinciis
1060 2940 1187 2980 xxx
1233 2923 1423 2978 millia
1460 2921 1768 2993 juniorum
1805 2920 1926 2992 legi
1948 2921 2160 2993 Jussit‚
2191 2923 2245 2974 et
2268 2914 2330 2971 ad
2352 2926 2400 2966 se

391 3015 427 3070 2
479 3014 705 3067 armata
745 3013 1013 3083 perduci,
1064 3012 1310 3069 obsides
1353 3010 1531 3066 simul
1578 3009 1889 3065 habiturus
1933 3013 1994 3065 et
2039 3009 2267 3065 milites,
2292 3003 2399 3058 Cra-

533 3208 604 3251 16.
640 3206 875 3252 connubio.
906 3208 980 3255 cf.
1013 3212 1128 3263 vlu,
1158 3219 1193 3265 ι,
1220 3211 1330 3252 note
1354 3212 1405 3255 ’1.

452 3280 457 3285 ·
532 3273 606 3313 Π.
641 3268 901 3314 Deduc-eret.
936 3270 1006 3315 cf.
1036 3274 1107 3326 lv,
1136 3282 1201 3326 vt,
1231 3274 1340 3315 note
1357 3270 1430 3314 17.

532 3330 603 3375 18.
638 3329 838 3385 Captiva.
860 3332 1032 3377 Briseis
1059 3332 1289 3388 (uomere,
1309 3331 1468 3383 Iliade,
1494 3333 1603 3385 xlx,
1631 3328 1746 3384 297).

532 3392 606 3438 19.
640 3392 909 3448 Arbitretur,
928 3397 1052 3450 sujat
1082 3395 1319 3450 oxyartes.

529 3454 599 3498 20.
628 3453 812 3498 Libora.
838 3455 931 3506 Cf„
957 3467 1039 3500 sur
1065 3468 1120 3500 ce
1147 3462 1259 3510 mot,
1284 3460 1334 3510 V,
1356 3468 1404 3512 n,
1426 3460 1532 3500 note
1548 3461 1620 3501 ¹3.

530 3520 605 3559 21.
641 3515 780 3569 Super
806 3516 952 3559 vinum
979 3528 1157 3562 comme
1189 3519 1309 3561 inter
1327 3519 1495 3563 viuum.

534 3581 610 3620 ΞΩ.
647 3575 733 3627 Qui
749 3576 904 3628 servit,
929 3576 1041 3620 c’est
1060 3577 1215 3623 a-dire
1240 3579 1316 3633 qui
1342 3579 1524 3629 rer-vilic
1546 3583 1640 3624 σει.
