2517 3975
327 224 395 276 78
1096 237 1150 281 Q.
1193 235 1365 275 cmm
1403 238 1540 275 num

233 347 272 402 3
326 350 518 403 castra
549 345 904 400 Alexandri*
928 346 1163 410 vocant,
1193 344 1489 413 pervenit.
1519 345 1768 411 Deinde,
1799 347 2179 417 pedestribus
2212 362 2310 402 co-

324 437 443 507 piis
471 435 797 489 Pelusium*⁵
826 437 1028 504 petere
1048 433 1268 503 jussiS‚
1300 435 1432 503 ipse
1471 450 1602 489 cum
1644 437 1915 506 expedita
1942 435 2307 490 delectorum

324 540 503 579 manu
533 524 703 578 Nilo⁶
729 538 900 576 amne
928 525 1137 577 vectus
1165 525 1276 577 est.
1309 523 1433 577 Nec
1464 524 1805 579 sustinuere
1829 524 2148 579 adventum
2171 526 2310 595 ejus

236 616 269 669 4
324 613 546 676 Pei-see,
597 612 951 667 defectione⁷
982 626 1210 681 quoque
1259 613 1577 682 perterriti.
1614 613 1864 684 Jamque
1912 613 2065 667 haud
2096 614 2309 683 procul

325 700 615 771 Memphi⁸
652 702 777 756 erat
823 715 837 753 :
889 701 950 753 in
994 699 1163 768 cujus
1192 699 1476 770 praesidio
1520 701 1806 772 MazaceS,
1855 704 2068 772 praetor
2115 701 2306 767 Darii,

325 790 585 857 relictae,
628 790 700 845 ad
736 790 1104 845 Cercasoron
1134 805 1307 844 amne
1339 793 1635 859 superato,
1671 792 2010 862 octingenta
2046 791 2268 845 talenta
2289 792 2310 812 *

232 883 270 936 5
325 878 663 932 Alexandro
677 893 1029 948 omnemque
1054 879 1291 949 regiam
1317 878 1745 948 supellectilem
1767 880 2023 936 tradidit.
2047 880 2098 933 A
2119 879 2312 933 Mem-

323 967 460 1036 phi⁰
491 967 695 1021 eodem
725 966 966 1020 flumine
1008 969 1234 1034 vectu-²,
1270 967 1343 1020 ad
1389 966 1676 1021 interiora
1708 967 1960 1038 AEgypti
2004 969 2305 1037 penetrem

325 1055 786 1125 compositisque
815 1053 998 1109 rebus
1017 1055 1097 1107 ita
1122 1056 1184 1109 ut
1207 1054 1355 1108 nihil
1384 1070 1459 1109 ex
1479 1057 1671 1126 patrio
1695 1056 2116 1127 AEgyptiorum
2138 1070 2309 1110 more

323 1148 598 1209 mutaret,
632 1143 796 1197 adire
826 1145 858 1199 J
866 1143 992 1198 ovis
1023 1144 1376 1198 Hammonis
1406 1146 1748 1199 oraculum*
1782 1147 2010 1203 statuit.

232 1236 270 1290 6
395 1233 516 1286 Iter
563 1233 849 1303 expeditis
902 1248 1135 1303 quoque
1190 1236 1245 1289 et
1295 1232 1506 1304 paucis
1558 1234 1661 1287 vix
1726 1233 2037 1289 tolerabile
2090 1235 2309 1306 ingre-

326 1322 605 1376 diendum
635 1324 761 1377 erat
790 1340 801 1375 :
833 1324 988 1383 terra
1020 1321 1283 1392 caeloque
1316 1336 1601 1392 aquarum
1628 1324 1882 1392 penuria
1911 1325 2027 1391 est3
2063 1324 2308 1380 steriles

325 1427 516 1466 arenae
548 1410 769 1482 jacent,
812 1426 958 1480 quas
1001 1408 1104 1464 ubi
1147 1425 1333 1479 vapor
1377 1410 1525 1464 solis
1574 1411 1859 1474 accendit,
1892 1410 2121 1465 fervido
2174 1412 2307 1467 solo

232 1502 281 1557 ’Τ
325 1503 609 1555 exurente
656 1499 912 1570 vestigia
939 1498 999 1566 ¹⁰,
1049 1497 1448 1552 intolerabilis
1493 1501 1678 1552 aestus
1733 1499 1987 1553 exsistit.
2040 1498 2307 1557 Luctan-

325 1591 579 1658 dumque
609 1590 699 1643 est
728 1603 850 1642 non
879 1587 1073 1641 solum
1103 1601 1238 1641 cum
1263 1586 1473 1641 ardore
1503 1590 1558 1641 et
1588 1587 1850 1642 siccitate
1880 1588 2171 1657 regioniS,
2197 1589 2306 1642 sed

324 1678 496 1730 etiam
525 1692 660 1731 cum
689 1675 1067 1729 tenacissimo
1113 1674 1341 1742 sebum,
1394 1673 1571 1746 quod,
1603 1676 1909 1746 praealtum
1952 1679 2007 1731 et
2046 1677 2304 1749 vestigio

324 1763 561 1830 cedenS,
594 1778 752 1834 aegre
781 1764 1106 1816 moliuntur
1133 1761 1344 1831 pedes,

229 1856 267 1910 8
395 1851 538 1906 Haec
566 1851 836 1923 AEgyptii
863 1851 1056 1904 vero¹¹
1087 1850 1317 1922 majora
1344 1850 1666 1922 jactabant.
1694 1850 1807 1906 Sed
1839 1853 2055 1922 ingens
2086 1853 2302 1923 cupido

323 1941 582 1997 animum
621 1939 959 1995 stimulabat
998 1939 1256 1995 adeundi
1288 1939 1519 2010 Jovem,
1554 1957 1726 2013 quem
1757 1942 2002 2014 generis
2030 1941 2125 1997 sui
2157 1958 2306 1998 auc-

320 2196 367 2240 in
393 2197 603 2242 Boeotiaem
630 2196 815 2243 irem...
845 2196 910 2239 Ab
936 2195 1129 2240 Athenis
1151 2195 1378 2251 proficisci
1413 2195 1554 2249 (Cic.,
1585 2194 1734 2247 Fam„
1758 2198 1829 2248 lv,
1854 2194 1950 2248 12).
1989 2195 2054 2238 Ad
2083 2194 2302 2238 Genavam

314 2261 519 2313 pervenit
538 2261 700 2315 (Caes.,
721 2259 848 2302 Bello
877 2258 1012 2311 Gall„
1037 2262 1069 2312 l,
1089 2261 1150 2313 Ἰ).
1174 2259 1402 2302 Tite-Live
1439 2257 1554 2302 offro
1585 2263 1771 2300 surtout
1808 2263 1932 2300 cette
1956 2258 2295 2300 construction.

320 2324 417 2366 Elle
446 2329 519 2366 est
543 2323 635 2366 loin
665 2322 808 2364 d’etre
834 2320 1035 2365 usuelle.
1060 2343 1114 2353 —
1134 2320 1330 2374 AEqypti.
1365 2315 1583 2374 L'Egypte
1613 2319 1723 2362 etait
1757 2318 1974 2373 regardee
2005 2331 2086 2373 par
2113 2320 2185 2362 les
2218 2331 2301 2361 an-

319 2384 451 2427 ciens
471 2396 650 2427 comme
675 2384 844 2427 faisant
863 2383 1012 2437 partie
1035 2383 1089 2425 de
1120 2382 1257 2424 l'Asie
1278 2387 1326 2425 et
1345 2393 1436 2423 non
1456 2382 1514 2424 de
1532 2381 1772 2435 l’Afrique.

373 2451 420 2491 4.
458 2446 616 2489 Castra
642 2446 910 2490 Alexandri.
942 2460 970 2485 et
999 2443 1211 2499 Qatky’ela
1237 2444 1292 2497 (e
1323 2447 1378 2488 ΞΒ
1413 2444 1684 2487 kilometres
1711 2443 1989 2487 est-sud-est
2018 2444 2076 2487 de
2116 2444 2299 2497 Peluse)

324 2506 468 2562 parait
488 2508 586 2550 etre
616 2518 669 2549 ce
689 2519 778 2562 que
797 2509 963 2560 Quinte
998 2510 1144 2551 curce
1166 2505 1349 2560 appelle
1370 2507 1520 2549 castra
1544 2506 1805 2549 Alexandri.
1827 2505 1963 2558 C’est,
1986 2505 2012 2548 ὲ
2051 2506 2202 2548 raison
2244 2506 2300 2549 de

321 2568 549 2623 quelques
568 2571 693 2623 puits
712 2581 842 2615 assez
863 2569 1119 2612 abondants
1160 2569 1298 2622 qu’on
1319 2579 1351 2622 y
1379 2573 1562 2620 trouve,
1589 2568 1636 2611 le
1663 2570 1768 2612 seul
1801 2573 2094 2622 campement
2115 2580 2204 2621 que
2229 2568 2300 2611 les

325 2631 639 2674 Macedoniens
657 2632 785 2675 aient
801 2643 862 2686 pu
883 2631 1075 2681 choisir,
1098 2632 1143 2673 le
1163 2628 1391 2684 septieme
1416 2630 1522 2684 jour
1539 2628 1677 2683 apres
1701 2631 1802 2672 leur
1820 2630 1980 2683 depart
2002 2630 2058 2673 de
2088 2631 2222 2680 Gaza,
2253 2634 2299 2673 et

325 2694 441 2736 c’est
458 2694 583 2736 aussi
603 2695 645 2736 le
663 2695 793 2749 point
811 2696 855 2737 le
875 2697 980 2750 plus
999 2691 1257 2747 mpproche
1276 2704 1393 2747 pour
1409 2692 1525 2737 reite
1544 2692 1646 2735 fller
1665 2693 1747 2736 des
1766 2697 1955 2745 troupes
1977 2703 2056 2735 sur
2082 2692 2298 2737 Peluse.»

326 2755 626 2861 (Αὲιᾶτόοεςγ,
667 2756 878 2800 Memoire
902 2767 988 2800 sur
1024 2756 1068 2799 le
1096 2754 1169 2798 lac
1207 2754 1457 2809 Menzaleh,
1487 2754 1602 2797 dans
1630 2755 1698 2797 les
1735 2754 1963 2797 Memoires
1991 2753 2043 2796 de
2074 2755 2299 2802 Plnetitut

327 2817 367 2860 d‘
408 2817 580 2871 rupta)

379 2880 427 2924 5.
459 2879 702 2924 Pelusium.
727 2882 906 2931 Peluse,
924 2881 1039 2924 dans
1062 2881 1106 2923 la
1133 2879 1270 2923 basse
1287 2873 1586 2935 ἠπίῳ-ειη·
1602 2879 1646 2921 la
1666 2877 1779 2933 rive,
1801 2878 1876 2921 est
1905 2878 1962 2920 de
1990 2878 2038 2920 la
2053 2878 2240 2924 bouche
2260 2879 2301 2921 la

325 2944 435 2998 plus
454 2940 679 2984 orientale
700 2941 760 2983 du
780 2942 849 2984 Nil
868 2943 1067 2996 (bouche
1091 2941 1401 2995 Pelusiaque).

377 3006 426 3050 6.
458 3002 580 3049 Nilo.
602 3006 664 3047 Le
683 3002 766 3056 nil,
782 3003 828 3046 le
847 3005 993 3057 grand
1013 3004 1164 3047 sseuve
1183 3002 1407 3057 egyptien
1427 3001 1508 3056 qui
1526 3001 1750 3045 autrefois
1770 3013 1821 3044 se
1845 3001 1984 3055 jetait
2003 3001 2121 3045 dans
2140 3004 2187 3047 la
2205 3003 2298 3046 Me-

326 3065 588 3110 diterrsnee
622 3077 707 3120 par
740 3070 845 3119 sept
865 3066 1069 3110 bouches
1107 3069 1155 3108 et
1189 3064 1584 3120 aujourd’huipar
1610 3064 1732 3107 deux
1760 3066 2031 3108 seulement
2066 3064 2208 3118 (celle
2245 3066 2300 3108 de

327 3130 511 3172 Rosette
531 3132 575 3171 et
595 3128 713 3171 celle
734 3126 791 3171 de
810 3128 1077 3181 Bamiette).

379 3194 426 3232 Ἷ.
462 3190 729 3244 Defectione,
750 3190 1086 3233 sous-entendu
1105 3188 1428 3243 AEqyptiorum.

379 3257 427 3297 8.
460 3252 666 3306 Memphi.
696 3250 938 3305 Memphis,
957 3251 1000 3292 la
1035 3250 1151 3294 ville
1189 3247 1414 3305 ‹regypte
1432 3249 1597 3305 laplus
1620 3250 1897 3304 importante
1935 3249 2072 3304 apres
2102 3250 2302 3303 Thebes,

326 3327 410 3360 sur
433 3317 478 3358 la
497 3316 594 3358 rive
613 3314 762 3359 droite
792 3314 857 3356 du
884 3312 974 3358 Nil.
990 3313 1131 3357 Ellea
1147 3313 1440 3366 aujourd'hui
1461 3323 1661 3367 presque
1680 3312 2045 3367 completement
2074 3313 2269 3367 diepam
2290 3325 2304 3365 ς

327 3389 406 3422 ses
432 3377 591 3421 mines
610 3383 691 3420 out
709 3376 784 3419 ete
813 3374 1044 3427 feninea,
1065 3379 1350 3419 notamment
1368 3386 1451 3430 par
1478 3379 1611 3419 notre
1630 3374 1939 3429 egyptologue
1968 3376 2202 3419 Mariette.

379 3441 426 3485 9.
457 3441 492 3483 Α
514 3439 720 3493 Memphi.
747 3440 835 3482 Sur
855 3441 981 3480 cette
996 3436 1300 3493 preposition‚
1322 3436 1381 3481 cr.
1405 3441 1512 3482 note
1530 3437 1576 3481 2.

380 3504 454 3548 10.
497 3499 755 3555 Vatinium,
783 3501 830 3543 la
848 3500 1004 3553 plante
1025 3498 1088 3540 du
1110 3498 1231 3550 pied.

381 3571 454 3609 11.
492 3566 598 3609 Vero
625 3566 809 3617 majora.
846 3562 952 3606 Vero
983 3558 1227 3603 el'ahlatif
1252 3570 1432 3606 comme
1452 3560 1765 3616 complement
1781 3561 1841 3606 de
1861 3560 2052 3612 majora.
