2517 3975
620 233 1016 273 nis-romanon
1050 233 1387 272 ALEXANDRI
1424 231 1508 283 vi,
1547 229 1630 266 1v.
2000 208 2104 264 173

172 341 439 414 tertioque
467 359 573 413 per
603 342 960 398 Parthienen
989 342 1082 398 die
1102 343 1123 370 ³
1152 342 1225 396 ad
1252 341 1407 395 fines
1426 337 1739 409 Hyrcaniae
1767 336 1789 363 ⁸
1817 337 2105 407 penetrat,

173 429 393 486 Cratero
421 432 621 488 relicto
643 433 663 460 ⁸
690 448 824 486 cum
847 431 924 487 iis
947 433 1155 503 copiis,
1185 430 1400 501 quibus
1427 430 1698 500 praeerat,
1726 433 1780 480 et
1807 441 1877 480 ea
1905 440 2104 491 manu,

171 536 328 591 quam
355 521 637 593 Amyntas
676 521 942 582 ducebat,
973 520 1187 576 additis
1217 536 1290 574 nc
1320 518 1619 589 equitibus
1652 519 1706 570 et
1736 514 1973 570 totidem
2007 530 2108 568 sa-

171 609 408 680 gittariis
428 612 467 678 *,
494 613 555 665 ut
574 611 646 665 ab
667 612 1008 666 incursione
1037 610 1429 665 barbarorum
1448 606 1805 660 Parthienen
1826 605 2105 659 tueretur.

170 696 461 769 Erigyium
510 699 948 770 impedimenta,
991 699 1223 753 modico
1269 695 1551 769 praesidio
1608 694 1764 758 dato,
1794 692 2111 763 campestri
2165 692 2201 745 3

171 784 359 841 itinere
379 788 399 814 ⁶
434 786 866 859 ducere-jubet.
899 787 1054 858 Ipse,
1086 803 1219 841 cum
1246 786 1541 856 phalange
1560 784 1581 804 *
1611 784 1668 837 et
1695 782 1953 853 equitatu
1975 782 2014 847 *‚
2043 797 2114 835 cx.

170 873 336 929 stadia
356 877 375 897 *
406 892 706 942 emensus,
744 880 940 931 castra
961 876 982 897 *
1012 876 1074 930 in
1105 875 1283 946 valle,
1315 890 1433 944 qua
1471 871 1829 943 Hyrcaniam
1871 869 2112 938 adeunt,

168 966 490 1020 communit.
524 968 750 1021 Nemus
774 965 1041 1035 praealtis
1067 964 1387 1034 densisque
1419 960 1734 1033 arboribus
1764 959 2114 1014 umbrosum

166 1056 274 1117 θείς
320 1053 547 1126 pingue
576 1053 754 1109 vallis
805 1054 1022 1125 solum,
1069 1053 1406 1124 rigantibus
1435 1051 1632 1122 aquiS,
1664 1065 1795 1121 quae
1825 1064 1899 1103 ex
1928 1048 2114 1118 petris

165 1142 596 1198 imminentibus
626 1147 884 1197 manant.
917 1142 1008 1197 Ex
1045 1144 1198 1214 ipsis
1244 1141 1550 1196 radicibus
1578 1140 1863 1194 montium
1911 1138 2115 1192 Ziobe-
2169 1135 2203 1188 4

163 1230 230 1284 tis
248 1231 264 1257 ⁷
291 1232 486 1286 amnis
516 1230 861 1300 effunditur,
892 1232 994 1303 qui
1024 1232 1136 1285 tria
1164 1231 1289 1286 fere
1323 1230 1515 1285 stadia
1537 1228 1559 1250 *
1587 1229 1651 1282 in
1679 1227 2115 1300 longitudinem

161 1320 469 1375 universus
523 1320 678 1384 fluit3
729 1321 962 1391 deinde,
1004 1336 1152 1375 saxo
1200 1321 1360 1392 quod
1408 1317 1704 1373 alveolum
1736 1317 2071 1388 interpellat
2095 1316 2116 1343 ⁸

162 1424 562 1480 repercussuS,
616 1408 731 1465 duo
790 1410 1001 1464 itinera
1047 1410 1213 1466 velut
1260 1408 1623 1479 dispensatis
1665 1407 1838 1477 aquis
1867 1406 2053 1476 aperit
2073 1405 2112 1458 ⁰.

163 1497 288 1554 Inde
324 1502 584 1566 torrenS,
620 1499 677 1553 et
706 1514 1010 1568 saxorum,
1040 1515 1148 1569 per
1176 1515 1309 1570 quae
1340 1497 1607 1562 incurrit,
1640 1496 1958 1566 asperitate
1988 1495 2118 1547 vio-
2171 1490 2208 1544 5

163 1586 379 1656 lentior,
414 1593 639 1653 terram
668 1602 937 1659 praeceps
965 1587 1145 1642 subit.
1179 1586 1294 1642 Per
1322 1602 1429 1642 ccc
1467 1585 1656 1640 stadia
1678 1587 1696 1606 *
1727 1584 2004 1640 conditus
2034 1583 2118 1636 la-

162 1674 336 1741 bitur;
370 1692 731 1747 rursusque,
765 1676 926 1731 velut
957 1691 1034 1731 ex
1063 1676 1178 1730 alio
1203 1675 1363 1731 sonte
1392 1678 1735 1745 conceptuS‚
1767 1673 1959 1729 editur
1975 1672 2035 1742 ¹⁰,
2062 1673 2118 1727 et
2173 1668 2208 1723 6

165 1779 367 1820 novum
396 1765 634 1819 alveum
677 1764 947 1832 intendit,
981 1764 1183 1834 priore
1213 1765 1313 1819 sui
1342 1766 1511 1835 parte
1538 1762 1881 1834 spatiosior,
1905 1761 2120 1832 quippe

164 1850 219 1905 in
239 1853 609 1909 latitudinem
631 1871 669 1908 x
689 1856 746 1908 et
775 1855 951 1908 trium
982 1854 1310 1908 stadiorum
1332 1853 1351 1873 *
1382 1852 1757 1915 diffunditur;
1790 1865 2120 1922 rursusque

167 1942 606 2014 angustioribus
645 1943 930 2000 coercitus
961 1943 1113 2014 ripis
1150 1943 1266 1997 iter
1294 1942 1477 2015 cogit.
1494 1941 1752 1997 Tandem
1781 1940 1842 1995 in
1871 1938 2123 1994 alterum

167 2046 383 2087 amnem
416 2033 575 2087 cadit
607 2050 624 2087 ·.
672 2034 947 2105 Ridagno
978 2034 1015 2060 ¹¹
1062 2049 1274 2088 nomen
1314 2035 1426 2087 est.
1463 2025 1684 2087 'Incolae
1724 2030 2119 2095 affirmabant,
2178 2026 2210 2079 Ἴ

166 2121 505 2195 quicumque
536 2122 786 2178 demissi
811 2124 1013 2178 essent
1034 2123 1079 2174 β’
1127 2123 1188 2176 in
1219 2138 1554 2189 cavernam,
1587 2137 1719 2193 quae
1758 2120 2005 2191 propior
2031 2122 2125 2174 est

207 2389 250 2432 3.
285 2385 439 2430 Tertio
462 2396 547 2442 per
575 2384 850 2429 Parthienen
876 2384 963 2428 die.
1011 2382 1154 2439 Api-es
1187 2383 1305 2427 trois
1331 2382 1461 2438 jours
1489 2383 1547 2427 do
1585 2381 1775 2427 marche
1803 2380 1829 2425 a
1869 2385 2055 2426 travers
2083 2384 2127 2426 la

163 2449 424 2495 Parthiene-

208 2511 252 2555 4.
284 2509 542 2566 Hyrcaniae.
576 2509 873 2564 L'flyrcanie,
917 2507 1143 2563 province
1182 2507 1240 2552 de
1271 2508 1484 2561 l’ampire
1525 2518 1680 2562 perse,
1726 2506 1839 2551 etait
1878 2506 2033 2551 situee
2066 2517 2127 2550 au

162 2574 268 2617 nord
298 2573 384 2617 des
412 2572 583 2615 hautes
612 2571 806 2615 chaines
848 2572 905 2615 de
936 2575 1213 2625 montagnes
1247 2570 1328 2625 qui
1370 2570 1573 2614 limitent
1601 2570 1646 2613 le
1673 2571 1856 2625 plateau
1879 2569 1938 2613 de
1965 2568 2122 2622 l'lran,

163 2640 283 2679 entre
305 2647 390 2680 ces
416 2639 695 2689 montagnes
724 2639 772 2677 et
791 2635 836 2678 la
859 2644 960 2677 mer
988 2633 1261 2687 Caspienne.
1293 2633 1412 2677 C'est
1439 2644 1532 2676 une
1570 2630 1732 2686 region
1761 2632 1967 2684 humide.
1995 2643 2128 2676 assez

164 2698 334 2742 chaude
364 2703 412 2741 et
440 2696 628 2750 fertilet,
658 2696 751 2740 elle
778 2695 962 2751 produit
990 2700 1172 2739 surtout
1198 2695 1260 2739 du
1289 2697 1357 2738 riz
1384 2700 1430 2738 et
1457 2695 1540 2739 des
1568 2694 1740 2741 olives.

208 2759 254 2805 5.
287 2760 475 2804 Cratero
503 2759 678 2803 relicto.
704 2758 890 2806 cratere
918 2767 977 2801 ne
999 2763 1126 2806 resta
1152 2767 1240 2811 pas
1264 2768 1322 2799 en
1351 2756 1539 2808 ardere,
1568 2756 1604 2799 il
1628 2756 1846 2811 reJOignit
1874 2758 2130 2802 Alexandro

164 2822 292 2875 apres
320 2823 454 2866 avoir
480 2821 663 2865 franchi
689 2821 761 2865 les
788 2825 1058 2874 montagnes
1086 2830 1168 2863 sur
1191 2830 1256 2863 un
1280 2823 1415 2862 autre
1442 2819 1585 2873 point,
1613 2818 1726 2874 §23-

210 2888 254 2928 6.
289 2884 543 2939 campestra·
570 2884 754 2927 itinere.
782 2882 1014 2926 Entendez
1040 2897 1068 2921 α
1096 2893 1180 2936 par
1208 2893 1301 2925 une
1329 2887 1462 2925 route
1497 2882 1646 2926 moins
1676 2880 1863 2926 difficile
1889 2894 1942 2935 »ς
1970 2882 2004 2926 il
2033 2882 2131 2925 saut

166 2946 367 3001 toujours
389 2953 624 2990 traverser
648 2944 716 2988 les
734 2950 1006 2999 montagnes
1034 2954 1152 2998 pour
1179 2942 1439 2987 descendi-e
1462 2944 1522 2986 du
1551 2942 1736 2998 plateau
1763 2944 1879 2988 dans
1904 2943 1948 2988 la
1977 2944 2131 3000 plaiae

165 3006 217 3050 de
238 3007 529 3062 l’flyrcania.

209 3074 257 3114 7.
289 3070 509 3114 Ziobetis.
538 3073 597 3115 Ce
622 3069 770 3113 sseuve
788 3080 839 3113 se
866 3069 984 3123 iette
1003 3068 1118 3111 dans
1147 3068 1191 3111 le
1208 3067 1447 3126 Ridagnus
1477 3068 1519 3124 (5
1545 3068 1607 3126 6).

212 3137 257 3178 8.
290 3133 576 3188 Interpellat,
600 3132 895 3187 interrempt.
921 3130 992 3175 Cf.
1027 3130 1098 3183 VI,
1119 3141 1169 3185 11,
1198 3135 1307 3174 note
1335 3138 1382 3175 6.

210 3196 256 3238 9.
289 3196 476 3249 Aperit,
504 3191 732 3239 entendez
760 3194 910 3250 aperit
935 3192 1050 3239 sibi.

212 3260 283 3302 10.
324 3259 453 3301 Velut
483 3269 539 3301 ex
562 3257 654 3300 alio
680 3258 797 3311 sonte
828 3259 1057 3310 conceptus
1080 3255 1228 3300 editur
1256 3260 1330 3299 est
1356 3255 1592 3311 poetique.

212 3320 284 3364 11.
324 3317 542 3374 Ridaono,
573 3320 619 3363 le
647 3320 904 3374 Ridagnus,
930 3318 992 3362 Ce
1014 3318 1164 3363 sseuve
1186 3320 1308 3362 n’est
1336 3331 1421 3373 pas
1442 3331 1612 3364 connu.

214 3382 419 3437 Ridaano
456 3392 609 3426 nomen
642 3386 727 3436 est,
756 3382 1095 3427 sous-entendu
1132 3380 1195 3424 ei.
1231 3382 1320 3424 Sur
1353 3382 1397 3425 le
1431 3381 1552 3426 datis
1582 3382 1794 3436 Ridayno,
1825 3380 1889 3428 cf.
1928 3385 2000 3431 111,
2031 3391 2136 3433 xm,

169 3449 269 3489 note
290 3445 366 3489 10.

217 3511 290 3553 12.
323 3506 522 3551 Domini
544 3510 691 3551 essent
718 3515 778 3552 au
802 3507 1063 3563 subjonctit
1074 3507 1246 3561 (partie
1275 3507 1544 3551 essentielle
1572 3508 1629 3551 de
1656 3505 1830 3558 l'idee);
1862 3505 2051 3560 Propior
2069 3505 2136 3545 eet

173 3565 197 3608 a
218 3566 468 3613 l'indicatir
490 3567 828 3626 (parenthese),
855 3568 1263 3618 conformementa
1287 3566 1334 3612 la
1352 3569 1503 3623 tegle.
1529 3569 1602 3614 Cf.
1626 3568 1699 3619 111,
1728 3579 1775 3619 ιι,
1805 3570 1915 3610 note
1943 3573 2015 3610 27.

1892 3661 1976 3710 10.
