2517 3975
608 264 1001 305 lus-rosunum
1036 263 1366 304 Annxmnm
1403 263 1506 312 vu,
1547 263 1626 300 w.
2001 248 2106 304 229

160 387 375 442 quoque
408 373 706 428 acinacem
725 372 747 395 *
773 402 846 415 —
872 374 1293 428 contineretur.
1326 371 1499 427 Certe
1537 372 1812 426 convivio
1832 371 1875 400 ¹⁴
1902 374 2105 442 prosi-

158 459 272 531 luit,
301 462 747 533 haudquaquam
776 466 982 534 potens
1012 464 1251 517 mentis,
1284 461 1547 516 Gobares
1568 503 1582 528 ‚
1619 462 1771 515 inter
1799 462 2106 521 tumultum

159 550 398 620 elapsuS,
431 550 503 604 ad
534 550 938 605 Alexandrum
970 552 1312 623 transfugit.

215 655 315 692 v111
351 636 538 694 millia
567 641 1023 695 Bactrianorum
1069 640 1329 695 habebat
1366 643 1590 693 armata
1639 638 1907 693 Bessus:
1949 656 2105 711 quae,

156 729 414 796 quamdiu
462 732 706 800 propter
743 731 873 784 caeli
911 729 1371 799 intemperiem¹⁸
1410 728 1637 782 Indiam
1677 728 1881 797 potius
1913 728 2108 783 Mace-

158 816 324 870 donas
354 819 649 888 petituros
680 818 1073 883 crediderant,
1098 819 1462 873 oboedieuter
1495 818 1777 886 imperata
1807 816 2105 871 fecerunt:

157 909 451 975 postquam
499 906 822 961 adventare
866 906 1271 961 Alexandrum
1318 909 1684 976 compertum
1722 908 1833 971 est,
1869 906 1930 958 in
1960 921 2107 959 suos

159 994 387 1063 quisque
416 996 583 1049 vicos
612 996 850 1066 dilapsi,
882 996 1141 1051 Bessum
1174 996 1564 1066 reliquerunt.
1600 994 1721 1062 Ille,
1757 1010 1891 1048 cum
1931 995 2109 1048 clien-

158 1082 285 1137 tium
315 1100 516 1150 manu,
552 1086 652 1155 qui
685 1102 804 1139 non
827 1089 1204 1140 mutaverant
1230 1086 1426 1152 fidem,
1458 1084 1583 1138 Oxo
1608 1100 1778 1139 amne
1807 1088 2101 1153 superat0,

159 1173 480 1243 exustisque
538 1174 821 1246 navigiiS,
886 1174 1105 1244 quibus
1151 1174 1498 1239 transierat,
1556 1188 1629 1226 ne
1673 1171 1882 1226 iisdem
1915 1173 2106 1227 hostis

159 1261 421 1330 uteretur,
456 1278 644 1316 novas
674 1263 878 1332 copias
907 1263 971 1315 in
1000 1262 1326 1334 Sogdianis
1358 1259 1763 1316 contrahebat.

220 1349 553 1403 Alexander
602 1349 931 1405 Caucasum
985 1351 1257 1421 quidem,
1309 1352 1373 1404 ut
1429 1349 1660 1419 supra⁴⁸
1716 1349 1938 1402 dictum
1984 1352 2103 1415 est,

158 1439 475 1507 transierat,
520 1439 626 1494 sed
672 1440 875 1510 inopia
925 1440 1206 1494 frumenti
1255 1436 1533 1512 [quoque]
1571 1454 1759 1509 prope
1789 1438 1861 1491 ad
1890 1438 2108 1492 famem

161 1531 384 1581 ventum
434 1532 580 1583 erat.
614 1527 768 1583 Suco
800 1544 875 1583 ex
923 1545 1158 1583 sesama
1200 1543 1510 1598 expresse,
1542 1527 1696 1581 haud
1727 1543 1904 1582 secus
1935 1543 2108 1596 quam

163 1617 305 1685 olco,
339 1621 503 1671 artus
550 1618 980 1689 perungebant.
1030 1617 1148 1672 Sed
1196 1616 1383 1689 huJ'us
1412 1617 1542 1670 suci
1571 1618 1818 1671 ducenis
1847 1616 2107 1687 quadra-

162 1707 321 1775 genis
343 1706 631 1761 denariis*
654 1707 989 1777 amphorae*
1010 1708 1291 1778 singulae,
1315 1708 1508 1762 mellis
1533 1708 1825 1761 denariis*
1845 1708 2107 1761 trecenis

163 1796 499 1864 nonageniS‚
555 1797 815 1850 trecenis
860 1797 986 1849 vini
1040 1797 1530 1851 aestimabantur:
1581 1797 1762 1850 tritici
1820 1795 1966 1849 nihil
2012 1796 2110 1848 aut

164 1884 459 1940 admodum
490 1886 819 1954 exiguum¹⁷
850 1886 1281 1955 reperiebatur.
1334 1886 1504 1941 Siros
1534 1886 1828 1939 vocabant
1864 1883 2109 1938 barbari

163 1975 408 2041 scrobeS,
456 1991 610 2046 quos
646 1974 726 2027 ita
758 1974 1033 2029 sollerter
1062 1974 1453 2042 abscondunt,
1486 1978 1570 2045 ut,
1602 1975 1721 2029 nisi
1751 1974 1852 2045 qui
1882 1973 2111 2029 defode-

163 2068 303 2131 runt,
335 2066 604 2119 invenire
639 2080 758 2118 non
787 2066 1021 2134 possint
1049 2083 1063 2120 ε
1095 2067 1155 2119 in
1174 2066 1272 2119 his
1301 2066 1551 2120 conditae
1580 2065 1789 2136 fruges
1823 2072 2008 2119 erant.
2043 2064 2109 2116 In

167 2166 395 2220 quarum
428 2153 691 2222 penuria,
721 2154 941 2208 milites
971 2154 1244 2208 fluviatili
1275 2153 1490 2223 pisce¹⁸
1520 2157 1577 2207 et
1605 2153 1811 2207 herbis
1842 2154 2107 2206 sustine-

164 2235 381 2293 bantur.
404 2240 654 2312 Jamque
683 2240 808 2294 haec
830 2241 960 2310 ipsa
981 2242 1255 2294 alimenta
1281 2238 1637 2309 defecerant,
1661 2257 1792 2294 cum
1817 2239 2105 2311 jumenta,

74 2331 81 2342 ’
165 2328 364 2394 quibus
394 2344 574 2383 onera
622 2328 953 2397 portabant,
988 2327 1215 2383 caedere
1254 2328 1422 2399 jussi
1450 2334 1626 2383 sunt:
1658 2329 1869 2382 horum
1908 2344 2103 2393 carne,

72 3485 87 3554 ι

167 2412 289 2469 dum
316 2418 375 2470 in
412 2417 761 2472 Bactrianos
792 2422 1138 2488 perventum
1173 2425 1282 2483 est,
1314 2422 1546 2473 traxere
1565 2421 1749 2471 vitam
1768 2418 1827 2472 ¹⁹.

227 2504 593 2560 Bactrianae'⁰
621 2510 796 2560 terrae
846 2507 1152 2575 multiplex
1193 2509 1250 2560 et
1286 2508 1451 2561 varia
1494 2510 1702 2561 natura
1740 2510 1850 2561 est.
1893 2506 2107 2560 Alihi²¹

167 2595 328 2649 multa
355 2595 601 2662 arbor⁸¹,
633 2599 690 2649 et
717 2595 858 2650 vitis
888 2596 1087 2667 largos
1115 2596 1407 2668 mitesque
1442 2596 1668 2650 fructus
1699 2595 1872 2654 alit¹³.
1904 2595 2109 2651 Solum

213 2839 277 2886 14.
309 2842 344 2886 E
366 2845 561 2889 convivio
593 2844 733 2887 serait
762 2844 864 2897 plus
894 2843 1129 2886 conforme
1159 2841 1185 2885 a
1215 2844 1396 2898 l’usage
1424 2843 1679 2898 classique.

212 2905 275 2949 15.
309 2907 412 2949 Goeti
440 2903 765 2961 intemperiem.
800 2909 868 2949 On
898 2906 956 2947 l'a
976 2917 1039 2948 vu
1069 2905 1174 2959 plus
1199 2906 1325 2959 haut,
1357 2909 1444 2963 vn,
1477 2917 1547 2960 ιιι,
1576 2906 1628 2948 13
1648 2911 1694 2949 et
1714 2916 1818 2962 sqq.

216 2966 278 3010 16.
309 2967 465 3023 Supra,
498 2973 589 3019 vn,
616 2980 688 3021 ιιι,
716 2968 788 3014 22.

216 3027 277 3071 1Ἰ.
308 3029 520 3085 Emonam
561 3031 727 3075 tritici.
779 3030 981 3085 Adjectit
1008 3035 1172 3075 neutra
1203 3042 1318 3074 avec
1366 3043 1428 3074 un
1474 3030 1648 3085 genitis
1692 3031 1892 3087 partitis.
1927 3033 1998 3076 cf.
2038 3038 2108 3086 nl,

170 3096 243 3134 vn.
268 3098 370 3135 note
393 3098 440 3136 11
456 3125 468 3137 .

218 3152 278 3196 ¹8.
309 3155 448 3209 Pisce,
468 3156 697 3209 singulier
713 3167 772 3198 au
800 3165 913 3199 sens
940 3155 1146 3199 collectis
1154 3183 1166 3199 .

216 3213 277 3259 49.
312 3218 493 3262 l'raoeere
520 3219 660 3262 vitam
689 3223 762 3262 est
793 3217 1031 3272 poetique.

219 3274 279 3319 20.
311 3279 617 3324 &Bactriana
647 3285 717 3324 est
744 3291 799 3328 ce
822 3291 930 3345 pays
959 3280 1014 3323 de
1038 3281 1215 3335 plaines
1253 3281 1431 3325 fertiles
1462 3293 1552 3337 qus
1580 3287 1789 3327 traversa
1821 3284 1979 3328 l'Oxus
2016 3283 2044 3326 a
2062 3294 2114 3327 sa

176 3338 296 3382 sortia
323 3342 400 3384 des
428 3349 722 3397 montagnes.
757 3344 853 3385 Elle
879 3343 988 3386 etait
1006 3343 1219 3397 peuplca.
1248 3346 1299 3386 et
1346 3343 1577 3397 jouissait.
1630 3358 1738 3390 sous
1783 3348 1853 3389 les
1902 3352 2112 3399 satrape·

149 3405 153 3410 '
176 3405 331 3455 perses,
358 3405 713 3449 ‹Punctum-taine
739 3405 1114 3460 independance.
1149 3408 1206 3450 Sa
1225 3407 1423 3460 capitale
1451 3407 1562 3451 etait
1592 3412 1798 3452 Bactros.

222 3459 282 3509 21.
312 3466 440 3518 Alibi,
460 3468 574 3511 dans
605 3469 828 3523 quelques
856 3468 1074 3524 endroits,
1096 3480 1178 3524 par
1204 3469 1468 3523 opposition
1495 3470 1521 3514 a
1540 3483 1734 3526 maenam
1750 3474 1942 3526 partem.

224 3527 283 3566 22.
314 3529 460 3581 Arbor,
489 3530 711 3585 singulier
730 3542 790 3573 au
810 3541 919 3574 sens
949 3530 1178 3579 collectis.

226 3581 289 3630 23.
310 3589 398 3634 Alie
426 3593 552 3637 arbor
571 3594 744 3648 fruetus
771 3591 893 3639 n’est
914 3602 997 3646 pas
1022 3592 1081 3637 de
1098 3592 1313 3649 l'epoqae
1337 3594 1598 3651 emtique.
1633 3605 1638 3614 ¹

2161 995 2226 1048 21

2164 1529 2232 1583 23

2162 1883 2230 1937 21

2168 2241 2236 2295 25

2166 2506 2235 2562 26
