2517 3975
316 504 387 564 14

312 858 384 915 15

310 1124 381 1183 16

307 1479 378 1535 17

306 1744 377 1801 18

303 1921 375 1979 19

299 2101 374 2157 20

443 202 547 257 268
967 241 976 251 .
1203 219 1256 264 Q.
1300 218 1469 258 cun-1⁸1
1506 219 1641 258 mm

442 324 792 380 Maracanda
819 327 1206 397 consumptiS,
1240 341 1374 382 cum
1400 330 1568 397 parte
1596 327 1893 381 exercitus
1921 324 2363 396 Hephaestionem

440 417 501 469 in
537 415 845 486 regionem
875 414 1251 470 Bactrianam
1281 416 1462 482 misit,
1496 418 1858 470 commeatus
1906 415 1970 468 in
2018 403 2255 469 hiemem
2278 429 2363 483 pa-

439 507 724 557 raturum.
753 501 938 568 Quam
967 502 1116 558 Clito
1145 506 1279 559 ante
1308 504 1708 560 destinaverat
1727 503 2119 575 provinciam,
2141 504 2363 574 Amyntae

437 592 631 647 dedit:
671 593 801 662 ipse
847 591 1120 663 Xenippa
1138 592 1159 620 ⁹
1194 595 1487 663 pervenit.
1519 592 1776 664 Scythiae
1805 591 2056 648 confinis
2084 597 2178 649 est
2207 593 2361 662 regio,

437 681 848 752 habitaturque
875 681 1148 753 pluribus
1176 698 1243 737 ac
1271 683 1684 754 frequentibus
1711 683 1866 738 vicis
1882 683 1941 750 ¹⁰,
1975 683 2118 754 quia
2161 683 2364 738 ubertas

435 774 610 826 terrae
640 786 761 826 non
787 770 1099 841 indigenas
1136 771 1306 826 modo
1337 771 1579 837 detinet,
1610 772 1720 826 sed
1748 771 1922 825 etiam
1951 767 2362 827 advenas'invi-

434 861 536 915 tat.
596 859 1039 915 Bactrianorum
1095 859 1351 927 exulum,
1397 861 1502 931 qui
1543 861 1617 915 ab
1661 859 2002 915 Alexandro
2046 860 2362 921 defecerant,

433 949 866 1019 receptaculum
895 947 1105 1003 fuerat.
1139 946 1255 1003 Sed
1299 951 1616 1020 postquam
1642 964 1850 1020 regem
1891 948 2211 1004 adventare
2243 962 2363 1001 com·

432 1038 666 1107 pertum
691 1037 803 1100 est,
831 1034 988 1106 pulsi
1019 1035 1093 1089 ab
1125 1035 1341 1092 incolis
1361 1066 1435 1079 —
1459 1055 1504 1091 11
1532 1037 1716 1091 millia
1745 1036 1866 1092 fere
1894 1041 1951 1091 et
1970 1053 2025 1111 ‘n
2053 1065 2129 1078 ·-
2154 1050 2364 1108 congre·

434 1126 673 1194 gantur.
703 1122 921 1177 Omnes
950 1124 1180 1195 equites
1209 1127 1396 1190 erant,
1429 1125 1602 1179 etiam
1649 1126 1709 1178 in
1737 1140 1879 1194 pace
1921 1124 2250 1179 latrociniis
2287 1138 2365 1176 as-

433 1211 590 1266 sueti
615 1229 627 1265 :
658 1213 783 1266 tum
807 1211 1036 1267 ferocia
1066 1213 1307 1285 ingenia
1335 1229 1457 1268 non
1486 1212 1713 1269 bellum
1740 1214 1933 1282 modo,
1959 1213 2067 1268 sed
2096 1215 2267 1268 etiam
2289 1227 2367 1266 ve-

431 1300 547 1354 niae
602 1300 932 1370 desperatio
998 1300 1373 1357 efferaverat.
1432 1301 1635 1374 Itaque
1698 1318 1774 1357 ex
1826 1302 2158 1373 improviso
2213 1300 2368 1356 adorti

430 1388 761 1460 Amyntam,
790 1393 1109 1461 praetorem
1127 1391 1150 1412 *
1178 1390 1522 1462 Alexandri,
1555 1391 1656 1446 diu
1688 1407 1911 1464 anceps
1937 1390 2217 1462 proelium
2245 1390 2367 1444 fece·

430 1482 596 1535 rant:
631 1478 706 1534 ad
733 1479 1023 1547 ultimum,
1052 1494 1165 1534 noc
1192 1495 1443 1535 suorum
1471 1480 1734 1547 amissiS,
1770 1495 2019 1551 quorum
2051 1496 2159 1536 ccc
2205 1478 2366 1534 hostis

429 1566 600 1637 cepit,
622 1567 836 1624 dedere
851 1570 1021 1639 terga
1040 1569 1391 1634 victoribus,
1416 1568 1572 1622 haud
1592 1583 1735 1623 sane
1763 1567 1958 1635 inulti,
1990 1568 2211 1640 quippe
2236 1581 2366 1621 Lxxx

429 1653 812 1710 Macedonum
851 1654 1297 1723 interfecerunt,
1338 1659 1675 1726 praeterque
1721 1670 1830 1710 eos
1867 1669 1974 1710 occ
2021 1657 2081 1710 et
2127 1673 2163 1709 1.
2211 1651 2366 1709 saucii

430 1741 567 1797 facti
597 1744 757 1798 sunt.
779 1743 1024 1798 Veniam
1053 1747 1251 1799 tamen
1281 1745 1456 1798 etiam
1483 1745 1622 1813 post
1661 1744 1905 1799 alteram
1920 1744 1959 1770 ¹¹
2006 1742 2364 1798 defectionem

429 1831 912 1902 impetraverunt.

498 1920 608 1975 His
646 1921 707 1974 in
735 1920 910 1976 fldem
938 1920 1213 1992 acceptiS,
1254 1920 1319 1996 in
1357 1920 1686 1992 regionem,
1718 1936 1893 1991 quam
1930 1919 2245 1976 Nautaca¹⁸
2284 1933 2363 1989 ap-

424 2011 662 2080 pellant,
695 2027 804 2066 rex
832 2026 966 2065 cum
994 2014 1114 2066 toto
1157 2010 1425 2066 exercitu
1453 2011 1634 2067 venit.
1666 2009 1945 2080 Satrapes
1993 2014 2122 2065 erat
2163 2007 2362 2065 Sisimi·

426 2099 610 2154 three.
667 2098 748 2168 Ie,
801 2101 1047 2154 armatis
1103 2099 1514 2170 popularibuS,
1571 2098 1776 2152 fauces
1821 2099 2114 2167 regionis,
2161 2115 2268 2170 qua
2308 2095 2355 2148 in

348 2206 353 2211 ·
426 2187 792 2243 artissimum
811 2189 1065 2259 cogitur,
1087 2188 1284 2242 valido
1305 2189 1669 2242 munimento
1694 2190 1995 2256 saepserat.
2030 2186 2360 2242 Praeterflue-

300 2328 364 2420 2‘1

298 2541 371 2599 22

424 2277 523 2331 bat
542 2278 583 2305 ¹⁸
597 2281 835 2333 torrens
855 2278 1070 2345 amnis,
1098 2286 1264 2349 terga
1289 2280 1455 2348 petra
1469 2277 1510 2304 ¹⁴
1530 2276 1867 2331 claudebat:
1901 2276 2049 2331 hanc
2071 2293 2242 2331 manu
2255 2289 2361 2346 per-
2443 2334 2444 2337 Ἴ

424 2365 583 2419 viam
610 2364 821 2420 incolae
853 2364 1135 2421 fecerant.
1168 2363 1286 2420 Sed
1315 2363 1476 2419 aditu
1504 2380 1720 2435 specus
1761 2362 1971 2433 accipit
2012 2364 2235 2420 lucem:
2283 2363 2361 2415 in·

424 2453 663 2519 teriora,
687 2451 807 2507 nisi
825 2452 985 2507 illato
1004 2452 1250 2518 lumine,
1272 2453 1524 2507 obscura
1547 2455 1706 2506 sunt.
1730 2451 2061 2521 Perpetuus
2082 2449 2360 2506 cuniculus
2441 2506 2442 2513 χ

424 2541 539 2597 iter
559 2542 785 2613 praebet
806 2542 866 2595 in
887 2557 1143 2611 campos,
1158 2542 1431 2613 ignotum
1453 2541 1570 2594 nisi
1595 2541 1918 2611 indigenis,
1942 2540 2018 2595 At
2037 2540 2358 2602 Alexander,

422 2642 773 2702 quamquam
800 2631 1113 2702 angustias·
1151 2630 1409 2684 naturali
1449 2629 1570 2684 situ
1608 2630 1868 2683 munitas
1914 2629 2112 2684 valida
2153 2624 2359 2683 manu¹⁸

421 2717 663 2772 barbari
702 2717 1034 2784 tuebantur,
1070 2720 1287 2785 tamen,
1332 2717 1619 2772 arietibus
1640 2717 1661 2738 *
1690 2717 1960 2786 admotiS,
2007 2717 2356 2781 munimenta,

424 2820 555 2875 quae
582 2821 761 2861 manu
792 2805 1069 2877 adjuncta
1098 2809 1286 2873 erant,
1318 2806 1638 2873 concussit,
1667 2804 2020 2875 fundisque*
2046 2808 2102 2862 et
2127 2800 2359 2876 sagittis‘

421 2897 931 2968 propugnantium
955 2896 1276 2967 plerosque
1305 2894 1553 2967 dejecit:
1579 2909 1729 2965 quos
1757 2892 1859 2949 ubi
1881 2895 2185 2966 dispersos
2206 2893 2358 2962 fuga-

471 3095 518 3143 9.
555 3097 766 3153 Xenippa,
796 3096 983 3141 conti-ee
1012 3097 1067 3142 de
1093 3096 1139 3141 la
1164 3097 1415 3150 Sogdiano,
1445 3097 1624 3141 voisine
1644 3097 1701 3142 de
1728 3097 1774 3140 la
1802 3097 2004 3152 scythia,
2025 3099 2140 3144 dans
2157 3096 2220 3142 les
2239 3091 2350 3140 envi-

421 3169 531 3202 rons
558 3160 617 3203 de
637 3159 936 3204 samarkand.

475 3225 545 3268 10.
582 3221 813 3265 Habitatur
836 3222 950 3266 victa
969 3223 1090 3265 n·est
1108 3232 1194 3276 pas
1220 3223 1279 3266 de
1308 3221 1518 3276 l'epoque
1536 3221 1795 3277 classique.

475 3287 547 3327 11.
581 3283 799 3327 Alteram.
825 3284 894 3328 cf.
922 3287 1011 3338 vn,
1036 3295 1099 3337 Vl,
1121 3283 1145 3338 ἓ
1165 3286 1240 3329 13.

475 3346 550 3390 12.
582 3345 793 3397 Nautaca,
812 3345 920 3390 ville
943 3346 1001 3389 de
1029 3347 1074 3388 la
1103 3346 1349 3401 Sogdiana,
1379 3346 1517 3401 qu'on
1543 3357 1603 3390 ne
1622 3346 1714 3391 sait
1740 3343 1802 3391 οὺ
1829 3346 1985 3402 placer
2005 3358 2069 3392 au
2092 3348 2228 3403 juste.

474 3410 542 3453 13.
572 3407 918 3461 Proeterfluebat,
941 3418 1067 3452 s.-e.
1092 3409 1425 3453 munimentum.

470 3469 545 3514 14.
579 3469 732 3515 Petra.
765 3471 887 3511 Nous
907 3479 1051 3511 avons
1070 3481 1132 3513 vu
1149 3481 1213 3513 un
1233 3470 1364 3526 siege
1382 3470 1656 3524 semblable,
1685 3475 1775 3527 vn,
1804 3484 1872 3527 x1,
1905 3478 1954 3520 1.

471 3537 547 3576 15.
578 3530 723 3583 lanu,
755 3529 927 3583 opposc
955 3528 1198 3574 amurcali
1215 3532 1326 3576 situ.

2437 3082 2440 3189 l
