2517 3975
446 238 551 293 360
1210 253 1264 297 Q.
1307 252 1477 292 cmm
1515 253 1652 292 num

442 365 635 435 cipum
662 362 912 431 animos,
945 376 1102 428 mox,
1152 361 1402 414 concilio
1440 360 1676 431 plebis⁸
1715 360 1937 429 habito,
1975 361 2222 434 jussum
2258 366 2379 421 urbe
2460 393 2461 404 κ

440 451 746 515 excedere,
768 451 840 505 ad
870 450 1113 505 Graecos
1143 450 1364 504 milites
1383 449 1404 477 ⁸
1429 450 1798 521 pervenisse,
1829 452 2053 522 quibus
2076 453 2098 480 ⁷
2126 454 2375 525 intercep·
2460 445 2461 488 ἶ

347 542 381 595 4
435 543 578 608 tum,
618 539 970 594 trucidatum
998 554 1031 592 a
1063 537 1316 608 quodam
1338 536 1638 592 Thibrone
1653 554 1762 609 per
1781 539 2054 594 insidias·
2080 541 2193 596 His
2217 542 2372 607 laetuS,

297 2317 365 2372 10

434 628 496 682 in
525 627 822 698 Europam
852 626 1191 699 trajiciendi
1218 626 1533 680 consilium
1566 627 1793 692 omisit,
1822 627 1927 682 sed
1957 629 2172 684 exules
2185 631 2223 700 ⁸,
2251 647 2379 702 prae·

432 720 524 772 ter
553 733 656 772 eos
686 718 787 787 qui
825 715 987 771 civili
1015 715 1308 786 sanguine
1349 713 1623 783 adspersi
1665 715 1857 784 erant,
1887 718 2080 788 recipi
2111 717 2185 772 ab
2215 719 2378 773 omni-

430 805 548 861 bus
591 807 934 864 Graecorum
977 803 1350 871 civitatibus,
1401 796 1574 874 q'uis‘
1619 804 1780 873 pulsi
1826 806 2018 873 erant,
2070 805 2279 877 jussit.
2318 806 2378 859 Et
2460 841 2461 844 η

432 894 644 967 Graeci,
685 895 840 949 haud
881 894 1012 948 ausi
1051 892 1360 963 imperium
1407 893 1735 962 aspernari,
1769 909 2127 965 quamquam
2173 897 2385 951 solven·
2460 953 2461 962 ,

430 984 639 1039 darum
666 985 866 1055 legum
894 983 956 1035 id
985 981 1344 1052 principium
1383 996 1519 1035 esse
1561 981 1905 1050 censebant,
1940 983 2100 1037 bona
2145 999 2376 1055 quoque,
2460 967 2461 1010 ³

429 1088 561 1143 quae
590 1073 912 1140 exstarent,
945 1072 1255 1125 restituere
1288 1069 1579 1124 damnatis
1596 1070 1657 1124 ¹⁰.
1690 1069 1813 1126 Soli
1840 1070 2241 1128 Athenienses
2274 1089 2380 1128 non

428 1162 525 1215 sui
561 1159 752 1226 mod0,
783 1159 888 1214 sed
934 1159 1110 1213 etiam
1151 1156 1372 1228 publici
1390 1158 1426 1185 ¹¹
1462 1158 1746 1230 vindices,
1794 1160 2195 1216 colluvionem
2240 1161 2381 1216 ordi·

427 1248 621 1303 num¹¹
653 1247 1073 1318 hominumque
1104 1262 1267 1317 aegre
1294 1245 1585 1317 ferebant,
1621 1264 1741 1302 non
1770 1250 1934 1321 regio
1983 1250 2258 1322 imperio,
2285 1249 2378 1305 sed

424 1336 663 1409 legibus
692 1336 1078 1408 moribusque
1106 1334 1319 1405 patriis
1348 1337 1482 1405 regi
1511 1337 1756 1414 assueti.
1807 1337 2175 1395 Prohibuere
2217 1339 2383 1411 igitur

423 1423 632 1480 exules
661 1424 901 1494 finibus,
937 1425 1133 1478 omnia
1160 1421 1361 1491 potius
1382 1422 1706 1493 toleraturi,
1738 1440 1912 1495 quam
1931 1425 1973 1452 ¹⁸
2002 1428 2378 1498 purgamenta

424 1512 715 1585 quondam
744 1512 910 1568 urbis
948 1527 1093 1573 suae,
1126 1513 1266 1564 tunc
1295 1510 1472 1564 etiam
1500 1511 1737 1578 exilii¹⁴,
1770 1512 2167 1569 admitterent.

491 1601 855 1671 Alexander,
890 1598 1235 1654 senioribus
1265 1597 1512 1652 militum
1552 1600 1614 1653 in
1652 1601 1899 1669 patriam
1940 1603 2244 1671 remissiS,
2283 1620 2376 1657 xm

421 1690 604 1744 millia
629 1690 892 1758 peditum
920 1690 976 1742 et
1001 1704 1046 1740 11
1075 1685 1259 1740 millia
1291 1688 1577 1758 equitum,
1608 1703 1741 1759 quae
1791 1690 1854 1767 in
1890 1689 2033 1744 Asia
2083 1693 2371 1756 retineret,

421 1778 564 1849 eligi
601 1777 800 1849 jussit,
840 1776 1194 1832 existimans
1241 1776 1470 1831 modico
1518 1778 1781 1832 exercitu
1820 1779 2130 1836 continere
2158 1780 2377 1851 posse¹⁵

419 1867 643 1932 Asiam,
677 1865 813 1936 quia
842 1863 1111 1934 pluribus
1139 1863 1296 1918 loeis
1322 1864 1601 1935 praesidia
1629 1864 2049 1935 disposuisset,
2087 1884 2375 1939 nuperque

420 1956 687 2013 conditas
708 1954 889 2009 urbes
908 1953 1138 2009 colonis
1158 1954 1473 2024 replesset,
1494 1970 1602 2009 nec
1622 1970 1724 2010 res
1746 1971 1968 2012 novare
1990 1958 2371 2029 cupientibus

419 2044 709 2110 Ceterum,
734 2043 1084 2113 priusquam
1113 2046 1456 2097 secerneret
1487 2058 1636 2113 quos
1665 2051 1789 2097 erat
1817 2046 2184 2116 retenturus,
2214 2046 2377 2101 edixit
2460 2054 2461 2101 ἐ

417 2138 484 2189 ut
511 2149 719 2188 omnes
746 2131 960 2186 milites
980 2147 1067 2185 ees
1084 2132 1386 2187 alienum¹⁸
1405 2131 1847 2201 profiterentur.
1871 2133 2067 2188 Grave
2091 2136 2376 2205 plerisque
2460 2172 2461 2181 ¹

421 2240 556 2280 esse
583 2223 969 2293 compererat,
1010 2224 1087 2284 et,
1139 2236 1492 2292 quamquam
1539 2220 1804 2291 ipsorum
1845 2222 1992 2275 luxu
2030 2226 2376 2278 contractum
2460 2290 2461 2295 η

419 2313 566 2376 erat,
600 2310 930 2364 dissolvere
978 2311 1172 2362 tamen
1215 2308 1346 2377 ipse
1386 2308 1751 2364 decreverat.
1786 2307 1878 2361 Illi
1918 2312 2140 2365 tentari
2169 2312 2328 2381 ipsos
2344 2308 2379 2334 ¹¹

418 2400 549 2464 rati,
581 2414 694 2470 quo
716 2396 947 2451 facilius
978 2395 1049 2449 ab
1075 2395 1330 2466 integris
1360 2399 1743 2465 sumptuosos
1772 2396 2161 2466 discerneret,
2192 2399 2376 2470 prola·

386 2595 391 2600 “
470 2588 516 2634 5.
554 2585 753 2629 Concilio
778 2583 939 2638 plebis,
960 2581 1220 2628 assemblee
1247 2582 1311 2626 du
1345 2583 1535 2637 peuple.

469 2654 518 2695 6.
554 2648 725 2692 Graecos
754 2646 940 2700 milites,
965 2646 1035 2688 les
1057 2645 1231 2688 soldats
1250 2644 1513 2700 d'flarpale.
1579 2650 1593 2692 J

471 2717 521 2759 ’1.
554 2709 745 2764 Quibus,
776 2720 835 2751 οη
865 2706 1024 2751 attend
1053 2718 1080 2749 a
1108 2706 1288 2760 quibus.

468 2777 509 2818 8.
539 2773 726 2817 ExuleS.
749 2775 867 2813 Tous
888 2781 1006 2813 ceux
1018 2769 1094 2823 qui
1109 2769 1298 2812 avaient
1316 2767 1391 2812 ete
1411 2767 1691 2812 condemnes
1712 2767 1868 2813 al'exil
1887 2768 2059 2823 depuis
2069 2772 2382 2827 qu‘Alexandre

418 2837 543 2882 avait
569 2833 720 2892 quitte
739 2835 969 2886 l'Europe.

467 2905 511 2945 9.
544 2898 667 2951 Quis,
691 2908 805 2952 pour
824 2895 1003 2950 quibus.
1037 2893 1105 2938 Cf.
1134 2894 1208 2945 111,
1230 2903 1285 2948 n,
1312 2897 1423 2937 note
1446 2895 1494 2959 β.

468 2963 545 3006 10.
579 2959 829 3009 DamnatiS,
861 2969 921 3000 au
950 2953 1079 3010 datis,
1108 2954 1385 3009 representa
1429 2953 1501 2998 les
1539 2954 1715 2999 exsules
1739 2954 1850 2998 dont
1879 2954 1913 2998 il
1943 2961 2020 3000 est
2044 2960 2265 3012 question
2288 2958 2382 3012 plns

424 3023 553 3066 haut.
568 3040 572 3045 ·

471 3085 537 3126 11.
567 3082 760 3136 Publici,
809 3079 1037 3126 entendez
1100 3077 1172 3122 rei
1209 3077 1418 3134 publioae.
1473 3080 1533 3123 Ce
1579 3079 1698 3123 n’est
1739 3086 1823 3133 pas
1869 3090 1960 3123 une
2020 3080 2229 3127 locution
2274 3081 2381 3126 elas·
2460 3098 2461 3101 ¹

418 3144 571 3200 sique.

471 3211 539 3251 12.
571 3206 775 3250 ordinum
805 3206 929 3250 n'est
964 3215 1049 3261 pas
1092 3203 1186 3260 pris
1215 3200 1276 3248 ici
1303 3203 1419 3247 dans
1449 3213 1533 3248 son
1563 3212 1674 3248 sens
1697 3201 1933 3249 ordinaire
1979 3204 2040 3249 de
2085 3204 2248 3259 classe,
2284 3201 2380 3248 mais

414 3269 532 3312 dans
560 3268 604 3309 le
635 3278 744 3311 sens
773 3268 830 3312 de
850 3268 997 3323 parti.

470 3332 537 3371 13.
567 3326 744 3378 Ellipse
768 3329 826 3371 de
859 3333 909 3372 ut
937 3327 1074 3381 apres
1102 3337 1243 3382 quam.

470 3391 537 3430 14.
573 3385 737 3438 Exilii,
767 3398 879 3440 pays
909 3386 1059 3440 d’exil,
1091 3390 1213 3433 n’est
1246 3399 1332 3444 pas
1359 3388 1614 3446 classique.

467 3448 537 3489 15.
566 3444 718 3494 Posse,
748 3446 913 3498 ellipse
945 3449 1008 3490 du
1036 3451 1164 3504 sujet
1192 3461 1259 3495 se.

470 3508 537 3549 16.
566 3504 643 3547 AEs
670 3504 877 3556 alienum,
906 3506 1036 3550 leurs
1060 3510 1235 3554 dettes.
1269 3512 1488 3568 L’argent
1509 3512 1572 3558 du
1594 3513 1856 3569 appartient
1887 3513 1915 3558 a
1941 3514 2097 3560 autrui

468 3571 534 3609 17.
564 3565 685 3619 Ipsos
713 3573 829 3618 pour
856 3575 922 3607 se.
