2517 3975
611 240 1003 280 msromAnuu
1040 239 1377 281 AnnxAnnm
1414 241 1495 295 w,
1534 240 1659 278 xxv.
2021 221 2124 276 109

173 367 331 424 quam
384 365 492 403 sua
550 349 773 404 virtute
834 349 1087 404 felicius.
1135 349 1302 404 Nihil
1342 352 1536 404 autem
1571 350 1764 417 potest
1802 363 1938 403 esse
1994 347 2124 402 diu-

171 443 428 503 turnum,
479 438 575 493 cui
633 453 754 492 non
804 438 1014 492 subest
1070 438 1245 492 ratio,
1301 437 1459 491 Licet
1504 435 1754 492 felicitas
1811 432 2123 506 adspirare

171 527 450 593 videatur,
492 530 688 580 tamen
735 525 809 579 ad
850 525 1121 579 ultimum
1153 526 1470 579 temeritati
1517 539 1638 580 non
1678 524 1917 579 sufficit.
1959 525 2122 579 Prae-

171 619 318 670 terea
364 614 585 668 breves
642 615 700 666 et
737 612 1055 667 mutabiles
1102 613 1270 667 vices
1320 627 1520 667 rerum
1565 614 1738 684 sunt,
1782 615 1840 667 et
1884 612 2122 667 fortuna

170 718 480 772 numquam
509 700 859 772 simpliciter
887 701 1175 773 indulget.

235 791 509 845 Forsitan
539 791 619 845 ita
647 791 729 844 dii
757 789 875 844 fata
903 790 1333 855 ordinaverint,
1355 794 1419 845 ut
1443 791 1758 845 Persarum
1787 789 2123 860 imperium,
2185 804 2202 822 ⁹

168 878 316 948 quod
353 878 615 932 secundo
655 893 833 932 cursu
868 892 977 946 per
1013 893 1205 931 ccxxx
1244 878 1493 932 annos¹⁶
1522 877 1594 932 ad
1633 894 1924 932 summum
1962 877 2129 935 fasti-

166 967 320 1039 gium
348 970 691 1037 evexerant,
714 981 933 1037 magno
964 968 1125 1020 motu
1156 969 1531 1020 concuterent
1558 967 1753 1036 magis
1781 982 1957 1038 quam
1986 966 2131 1020 affli-

169 1062 370 1128 gerent
397 1056 894 1127 admonerentque
922 1071 1034 1110 nos
1063 1054 1407 1127 fragilitatis
1436 1056 1722 1120 humanae,
1749 1056 1920 1125 cujus
1945 1056 2128 1109 nimia

168 1147 230 1200 in
263 1146 571 1217 prosperis
611 1145 792 1199 rebus
831 1143 1051 1198 oblivio
1092 1147 1200 1199 est.
1235 1144 1409 1198 Modo
1441 1143 1667 1198 Graecis
1710 1144 1864 1198 ultro
1906 1144 2128 1199 bellum

166 1234 601 1289 inferebamus:
631 1233 871 1287 nuncin
905 1233 1152 1287 sedibus
1178 1232 1409 1287 nostris
1438 1233 1853 1304 propulsamus
1877 1233 2126 1289 illatum.

166 1324 465 1377 Jactamur
510 1323 769 1376 invicem
824 1323 1105 1376 varietate
1154 1321 1429 1375 fortunae.
1466 1320 1744 1376 Videlicet
1789 1321 2125 1389 imperium,

164 1413 299 1482 quia
345 1415 564 1465 mutuov
597 1409 961 1480 affectamuS,
1006 1426 1125 1464 una
1170 1425 1322 1480 gens
1369 1425 1491 1464 non
1538 1409 1694 1480 capit
1720 1410 1780 1462 ¹⁷.
1830 1407 2155 1481 Ceterum,.
2223 1430 2237 1442 ⁶

164 1501 397 1556 etiamsi
437 1514 580 1570 spes
609 1515 731 1553 non
758 1498 1055 1563 subesset,
1088 1496 1416 1552 necessitas
1445 1500 1642 1551 tamen
1678 1496 1983 1551 stimulare
2023 1498 2128 1552 de-

160 1590 326 1645 beret
351 1606 364 1642 :
395 1588 467 1642 ad
491 1591 750 1642 extrema
770 1589 1122 1658 perventum
1143 1589 1252 1640 est.
1278 1587 1520 1641 Matrem
1538 1601 1750 1651 meam,
1773 1587 1919 1642 duas
1948 1587 2127 1653 filias,

163 1677 387 1732 Ochum
433 1677 496 1730 in
543 1692 710 1745 spem
757 1674 937 1745 hujus
982 1675 1219 1744 imperii
1270 1676 1554 1745 genitum,
1592 1675 1916 1745 principeS,
1967 1675 2131 1729 illam

164 1764 430 1821 subolem
460 1765 644 1837 regiae
675 1765 900 1834 stirpis,
926 1763 1109 1818 duces
1133 1769 1375 1818 vestros
1404 1780 1644 1819 reorum
1674 1765 1866 1820 instar
1893 1765 2132 1821 vinctos

162 1855 338 1909 habet
371 1867 384 1906 :
426 1852 547 1907 nisi
587 1854 727 1923 quid
771 1854 833 1907 in
873 1852 1048 1908 vohis
1085 1853 1220 1922 opis
1250 1855 1361 1921 est,
1395 1867 1507 1922 ego
1556 1853 1779 1925 maiore
1813 1854 1929 1908 mei
1964 1859 2130 1925 parte

164 1944 436 2015 captivus
466 1957 618 1997 sum.

152 2026 461 2106 XEripite
493 2030 724 2085 viscera
751 2046 882 2086 mea
910 2047 984 2085 ex
1006 2030 1268 2085 vinculis
1299 2049 1311 2084 :
1343 2030 1635 2085 restituite
1671 2031 1817 2083 mihi
1852 2032 2129 2101 pignora,

164 2136 273 2190 pro
302 2119 514 2190 quihus
543 2120 661 2188 ipsi
688 2122 837 2174 mori
865 2136 985 2174 non
1013 2120 1327 2186 recusatis,
1350 2122 1674 2189 parentem,
1702 2118 1924 2173 liberos
1948 2135 1960 2173 ι
1995 2135 2133 2173 nam

168 2208 481 2280 conjugem
526 2207 587 2263 in
630 2209 732 2263 illo
783 2225 1018 2264 carcere
1066 2209 1260 2262 amisi.
1305 2207 1536 2262 Credite
1574 2222 1731 2261 nunc
1778 2223 1981 2262 omnes
2019 2208 2130 2262 hos

165 2298 400 2353 tendere
438 2297 510 2352 ad
550 2314 662 2353 vos
703 2315 935 2366 manus,
966 2300 1286 2368 implorare
1323 2299 1546 2367 patrios
1581 2298 1746 2363 deos,
1780 2313 1951 2367 opem
1990 2313 2132 2352 ves-

165 2390 332 2455 tram,
375 2387 864 2453 misericordiam,
908 2385 1081 2441 fidem
1131 2401 1477 2457 exposcere,
1523 2390 1583 2440 ut
1627 2385 2029 2456 compedibus,
2069 2390 2134 2440 ut

168 2474 467 2541 servitute,
531 2477 594 2528 ut
647 2476 915 2544 precario
964 2475 1125 2528 victu
1182 2477 1349 2543 ipsos
1403 2474 1695 2528 liberetis,
1750 2474 1841 2527 An
1892 2475 2133 2529 creditis

171 2577 337 2633 aequo
375 2563 572 2617 animo
611 2564 689 2618 iis
727 2563 1028 2628 servire¹⁸‚
1075 2577 1329 2633 quorum
1376 2578 1556 2633 reges
1595 2578 1730 2646 esse
1776 2562 2132 2617 fastidiunt?

169 2648 351 2704 Video
382 2650 685 2704 admoveri
715 2650 983 2736 hostiurn
1003 2650 1188 2705 aciem
1214 2663 1228 2703 ε
1256 2651 1363 2704 sed
1394 2651 1505 2719 quo
1536 2650 1781 2720 propius
1812 2651 2132 2708 discrimen
2187 2672 2205 2690 ν

171 2740 402 2810 accedo,
442 2740 553 2794 hoc
595 2740 793 2793 minus
835 2739 930 2808 iis,
975 2756 1106 2809 quae
1145 2740 1290 2805 dixi,
1329 2755 1575 2809 possum
1625 2755 1761 2795 esse
1799 2746 2128 2797 contentus.

172 2825 289 2879 Per
319 2833 457 2900 ergo
489 2843 603 2881 vos
624 2827 664 2855 ¹⁹
710 2829 854 2882 deos
882 2829 1109 2897 patrios
1152 2832 1555 2898 aeternumque
1587 2827 1805 2899 ignem,
1845 2831 1948 2902 qui
1971 2847 2131 2901 prae-

171 2912 360 2969 fertur
403 2915 711 2983 altaribuS,
761 2915 1172 2986 fulgoremque
1220 2915 1366 2969 solis
1414 2916 1566 2970 intra
1608 2918 1758 2971 fines
1798 2920 1971 2990 regni
2018 2920 2136 2974 mei

174 3002 442 3071 orientiS,
499 3020 607 3073 per
652 3008 936 3059 aeternam
991 3006 1339 3082 memoriam
1386 3003 1611 3075 Cyri20,
1661 3007 1762 3077 qui
1804 3007 2137 3079 ademptum

232 3189 299 3230 16.
333 3190 498 3235 Annos.
522 3188 685 3232 Darius
705 3194 914 3232 remonte
936 3187 998 3232 ici
1029 3189 1055 3233 a
1080 3189 1259 3233 l’annee
1286 3188 1386 3233 560.

234 3252 301 3294 17.
339 3250 481 3304 Capit.
508 3254 569 3295 Ce
599 3262 707 3294 sens
735 3252 972 3305 devapere
1001 3264 1028 3294 a
1057 3251 1161 3305 deja
1179 3251 1252 3295 ete
1282 3263 1365 3298 vu.

237 3311 303 3357 18.
338 3312 531 3359 servire.
566 3312 738 3366 Ellipse
764 3314 825 3357 du
857 3315 981 3369 sujet
1004 3314 1061 3357 de
1089 3315 1132 3357 lu
1154 3312 1437 3368 proposition
1460 3311 1689 3356 infinitiva
1707 3325 1802 3357 eos.

238 3373 303 3415 19.
336 3374 420 3417 Per
447 3386 522 3429 eqo
550 3386 697 3421 voa...
748 3376 871 3420 c'est
901 3387 991 3419 une
1018 3376 1240 3442 sormple.
1274 3379 1335 3419 La
1378 3375 1698 3419 construction
1727 3381 1799 3419 est
1836 3388 1913 3430 eqo
1955 3389 2031 3421 oro
2069 3390 2143 3421 vos

182 3441 331 3483 Fer...

238 3494 307 3539 20.
341 3498 460 3552 Cyri.
494 3502 583 3545 Sur
611 3503 771 3556 CyruS,
798 3500 863 3544 cs.
899 3503 951 3556 x,
982 3513 1014 3556 1,
1028 3504 1134 3545 note
1164 3501 1232 3555 30,
1266 3506 1312 3545 et
1341 3511 1424 3543 sur
1452 3500 1657 3555 l'empire
1692 3499 1848 3554 lydien
1878 3506 1924 3543 et
1953 3511 2004 3544 sa
2027 3501 2143 3544 des-

195 3558 404 3611 truction,
435 3562 491 3605 cf.
522 3566 677 3613 111,1v,
698 3569 805 3606 note
834 3564 880 3610 2.

1924 3660 1950 3670 ι-

2187 346 2253 402 19

2188 2214 2261 2269 23

2190 2661 2220 2714 [υ

2228 2663 2255 2715 ,μὴ
