2517 3975
352 943 380 996 1

346 1119 383 1262 cete>

343 2101 378 2243 md

449 176 551 232 188
1207 196 1263 240 Q.
1303 195 1470 233 cunm
1509 194 1644 233 num

1172 438 1177 444 ’
1229 452 1481 509 CAPUT
1520 455 1623 508 vn

687 619 1056 683 Conspiration
1089 622 1151 670 de
1188 623 1441 684 Dymnus,
1475 650 1531 659 -
1564 623 1792 673 Philotas
1826 623 2153 688 soupconne.

1219 762 1477 817 (Autome,
1500 762 1625 818 330.)

511 941 643 995 vlam
679 956 899 995 nonum
938 940 1094 997 diem
1132 941 1346 995 stativa
1386 944 1572 1009 erant,
1605 957 1757 1007 cum,
1791 943 2034 996 externa
2063 943 2126 996 vi
2154 958 2274 999 non
2294 941 2370 995 in-

439 1030 633 1084 victus
679 1030 852 1084 modo
892 1030 998 1085 sed
1046 1031 1253 1095 tutus⁴,
1281 1045 1389 1084 rex
1436 1030 1717 1086 intestino
1754 1029 2018 1085 facinore
2057 1031 2364 1102 petebatur.

438 1118 725 1188 DymnuS,
764 1119 1015 1174 medicae
1055 1119 1208 1191 apud
1244 1134 1446 1191 regem
1484 1119 1849 1175 auctoritatis
1887 1122 1944 1173 et
1979 1120 2211 1191 gratiae,
2260 1119 2369 1173 ado-

436 1207 738 1275 lescentis,
762 1208 857 1263 cui
877 1208 1270 1262 Nicomacho'
1291 1209 1417 1262 erat
1444 1223 1680 1275 nomen,
1704 1208 1956 1262 amicitia
1985 1208 2293 1279 flagrabat.
2310 1206 2369 1270 Is,

435 1296 593 1365 quod
631 1312 704 1350 ex
738 1297 905 1350 vultu
951 1311 1184 1367 quoque
1233 1295 1490 1367 perspici
1533 1298 1780 1368 poterat,
1823 1297 2043 1351 similis
2090 1297 2323 1352 attonito
2339 1294 2368 1360 ³,

434 1384 682 1440 remotis
719 1384 961 1439 arbitris
1005 1400 1139 1438 cum
1172 1384 1442 1456 juvene*
1470 1385 1722 1440 secessit
1758 1385 1821 1438 in
1851 1384 2155 1454 templum,
2186 1398 2370 1439 arcana

435 1489 502 1529 se
531 1476 587 1528 et
614 1473 847 1529 silenda
875 1472 1086 1529 afferre
1115 1474 1424 1543 praefatuS,
1456 1489 1930 1544 suspensumque
1959 1475 2369 1544 exspectatione

432 1577 542 1633 per
576 1565 838 1636 mutuam
890 1563 1193 1616 caritatem
1241 1564 1299 1616 et
1333 1562 1588 1633 pignora
1624 1561 1932 1632 utriusque
1972 1563 2157 1628 animi
2204 1563 2366 1633 rogat,

433 1653 500 1705 ut
548 1649 802 1705 affirmet
829 1650 1243 1723 jurejurando,
1303 1666 1433 1720 quae
1491 1650 1905 1717 commisisset,
1965 1651 2203 1706 silentio
2259 1664 2370 1705 esse

433 1744 727 1796 tecturum
743 1739 783 1792 ⁴.
826 1739 902 1793 Et
952 1739 1052 1795 ille
1104 1742 1274 1794 ratus
1327 1739 1494 1808 nihil,
1531 1739 1686 1809 quod
1724 1740 1899 1794 etiam
1951 1755 2088 1793 cum
2135 1738 2368 1812 perjurio

434 1829 823 1900 detegendum
859 1826 1029 1895 foret,
1068 1828 1466 1882 indicaturum
1483 1828 1522 1894 ⁸,
1563 1843 1672 1897 per
1707 1828 2081 1897 praesentes⁶
2117 1828 2261 1882 deos
2292 1825 2367 1896 ju-

432 1917 542 1971 rat.
594 1917 742 1970 Tum
798 1916 1063 1988 Dymnus
1111 1917 1304 1987 aperit
1346 1917 1413 1969 in
1461 1916 1701 1971 tertium
1754 1914 1911 1970 diem
1955 1916 2088 1988 regi
2144 1915 2366 1970 insidias

434 1997 824 2076 comparatae,
858 2021 1041 2077 seque
1071 2006 1201 2075 ejus
1238 2004 1477 2059 consilii
1514 2005 1773 2060 fortibus
1801 2006 1950 2059 viris
1972 2007 2030 2061 et
2059 2003 2366 2060 illustribus

434 2111 572 2150 esse
609 2096 956 2166 participem
976 2095 1016 2150 ⁷.
1056 2094 1236 2160 Quis⁸
1259 2094 1505 2166 juvenis
1550 2093 1784 2160 auditis,
1827 2110 1895 2148 se
1934 2110 2084 2166 *vero
2133 2094 2296 2149 fldem
2319 2093 2366 2145 in

431 2184 746 2257 parricidio
765 2185 786 2211 ⁹
821 2185 1056 2240 dedisse
1086 2185 1430 2238 constanter
1476 2183 1703 2246 abnuit,
1753 2198 1863 2238 nec
1910 2181 2032 2237 ulla
2078 2182 2365 2255 religione,

432 2274 549 2328 ut¹⁰
585 2273 782 2329 scelus
819 2275 1000 2344 tegat,
1032 2287 1217 2343 posse
1256 2272 1576 2342 conti-iugi.

502 2362 790 2434 Dymnus,
811 2363 971 2416 metu
1009 2376 1233 2427 amens,
1265 2360 1574 2415 dexteram
1601 2359 1951 2430 complexus
1980 2363 2039 2416 et
2053 2360 2365 2421 lacrimam,

435 2465 606 2504 orare
643 2451 897 2519 primum
924 2452 988 2503 ut
1024 2448 1320 2519 particeps
1358 2447 1595 2503 consilii
1633 2448 1955 2520 operisque
2003 2449 2167 2503 fleret
2195 2465 2211 2505 :
2243 2446 2289 2500 si
2313 2445 2365 2498 id

434 2538 733 2594 sustinere
766 2554 891 2593 non
917 2542 1144 2609 posset,
1186 2540 1441 2592 attamen
1466 2552 1542 2591 ne
1570 2537 1850 2608 proderet
1900 2553 1987 2606 se,
2029 2537 2200 2608 cujus
2240 2548 2363 2603 erga

432 2628 630 2698 ipsum
658 2628 1089 2685 benevolentiae
1126 2628 1342 2698 praeter
1370 2626 1507 2695 alia,
1551 2626 1663 2681 hoc
1708 2642 1939 2699 quoque
1985 2627 2223 2683 haberet
2254 2624 2362 2679 for·

487 2834 579 2875 Vn.
600 2854 656 2864 —
674 2836 720 2876 1.
743 2832 875 2876 Tutus
894 2842 953 2876 ne
974 2841 1029 2875 se
1047 2832 1278 2885 construit
1297 2831 1658 2885 regulierement
1674 2830 1867 2885 qu’avec
1885 2842 1915 2873 a
1936 2833 1984 2874 et
1998 2829 2208 2875 l'ablatiI.
2233 2827 2362 2872 Tuan

433 2905 502 2938 me
527 2895 581 2937 ab
608 2894 794 2938 insidiis
819 2894 998 2939 inimici
1022 2893 1219 2939 wicham
1235 2905 1321 2938 non
1342 2895 1537 2947 futurum
1564 2895 1701 2948 (Cim,
1726 2892 1795 2936 Aa
1808 2893 1997 2947 Famil„
2026 2896 2077 2944 X.
2106 2903 2231 2942 xxxi,
2253 2891 2311 2944 2).

564 2956 838 3013 Nicomacho,
867 2969 948 3001 sur
977 2968 1032 3001 ce
1055 2955 1185 3010 datii,
1211 2956 1276 3002 cf.
1309 2959 1382 3010 111,
1410 2967 1518 3010 xm,
1546 2962 1655 3000 note
1673 2957 1748 3001 10.

521 3050 534 3063 .
565 3019 767 3063 Attonito
797 3030 825 3061 a
847 3019 909 3062 ici
927 3031 993 3063 un
1020 3030 1130 3063 sena
1159 3018 1255 3063 tres
1278 3018 1390 3071 fort,
1416 3030 1501 3062 son
1526 3029 1637 3063 sens
1664 3017 2008 3075 etymologique
2034 3019 2091 3065 ad
2107 3023 2266 3063 tonan.

521 3112 534 3124 .
567 3080 680 3124 Esse
706 3082 933 3136 lecturum,
953 3081 1120 3136 ellipse
1146 3081 1210 3125 du
1237 3081 1364 3134 sujet
1389 3092 1458 3124 se.

522 3174 534 3187 .
567 3142 886 3200 Iudicatur-um,
915 3144 1079 3197 ellipse
1097 3144 1160 3188 du
1183 3143 1310 3198 sujet
1336 3145 1559 3198 Dymnum.

521 3237 533 3249 .
565 3204 836 3249 Praeeentes.
869 3206 931 3249 lls
963 3210 1068 3249 sont
1087 3207 1204 3250 dans
1228 3218 1295 3249 un
1321 3207 1493 3261 temple
1516 3206 1560 3261 (ς
1588 3205 1655 3261 3).

521 3299 533 3310 .
567 3265 857 3317 participem.
879 3267 950 3310 Cf.
985 3271 1057 3319 Vl,
1081 3279 1143 3318 vi.
1174 3270 1244 3311 36.

489 3331 536 3372 8.
573 3326 697 3377 Quia,
714 3335 796 3366 sur
825 3332 948 3370 cette
975 3327 1138 3379 forme,
1167 3329 1231 3375 cf.
1253 3333 1328 3384 111,
1358 3342 1408 3384 n,
1436 3335 1545 3375 note
1571 3334 1618 3375 8.

489 3393 537 3431 9.
572 3386 622 3428 In
644 3385 910 3438 parricidio.
933 3386 1048 3430 dans
1066 3400 1160 3431 une
1182 3390 1348 3435 affaire
1377 3389 1439 3435 οὺ
1463 3392 1496 3435 il
1525 3391 1758 3447 s’agissait
1784 3394 1894 3438 d'un
1922 3395 2169 3450 parricide.
2199 3391 2261 3436 ct.
2290 3393 2360 3429 8¹¹¹·

440 3445 486 3490 le
514 3449 611 3488 mot
623 3444 930 3498 parricidium,
959 3450 1031 3498 m,
1056 3460 1117 3500 vi,
1147 3459 1255 3495 note
1284 3456 1358 3496 10.

499 3511 569 3551 ιο.
603 3504 853 3558 Consta-inni
880 3510 926 3548 ut
954 3510 1095 3560 cenat.
1120 3509 1378 3568 Corneto-inat·
1404 3526 1519 3560 avec
1536 3520 1586 3560 ut
1613 3517 1732 3561 n'est
1749 3529 1832 3571 pas
1860 3517 2016 3562 usual.

485 2961 533 3310 dobunt-0020
