2517 3975
281 414 343 470 ss

275 1128 344 1182 13

275 1572 345 1627 14

277 1840 346 1894 15

277 2199 345 2253 16

275 2375 344 2430 17

276 2554 344 2608 18

241 2885 345 2965 '19

406 200 514 255 228
1178 218 1231 261 Q.
1275 216 1443 254 cum-1
1479 214 1618 254 nur-1

404 339 637 395 quoque
680 325 958 381 nomine·
986 342 1172 397 prava
1213 328 1273 379 et
1310 324 1556 378 sinistra
1586 323 1703 378 dici
1728 327 1941 394 potest,
1975 326 2127 394 quod
2152 328 2205 380 in
2236 343 2321 382 suo

404 415 655 484 quisque
686 416 928 485 negotio
961 416 1232 471 hebetior
1261 417 1354 467 est
1382 428 1559 484 quam
1587 413 1643 465 in
1675 413 1894 467 alieno.
1933 415 2183 469 Turbida
2214 422 2323 469 sunt

403 504 651 558 consilia
678 520 908 574 eorum,
941 506 1038 574 qui
1068 504 1183 558 sibi
1209 504 1479 559 suadent.
1511 501 1717 557 Obstat
1745 506 1971 569 metuS,
2006 505 2148 559 alias
2188 505 2323 575 cupi-

401 592 573 658 ditas,
621 609 1067 665 nonnumquam
1117 590 1408 648 naturalis
1455 606 1682 658 eorum,
1725 605 1856 662 quae
1906 594 2321 664 excogitaveris,

402 696 569 736 amor
600 699 615 739 :
650 699 781 737 nam
809 684 871 737 in
902 686 958 738 te
988 683 1269 753 superbia
1316 697 1438 736 non
1486 679 1668 737 cadit.
1704 680 2004 750 Expertus
2044 698 2129 748 es,
2156 698 2327 736 unum-

401 785 708 843 quemque,
742 773 898 843 quod
927 774 1060 843 ipse
1086 771 1437 842 reppererit,
1472 773 1573 824 aut
1601 770 1790 824 solum
1823 774 1924 825 aut
1953 772 2221 840 optimum
2245 771 2324 824 du-

401 876 553 920 cere.
586 862 865 934 Magnum
913 878 1065 918 onus
1108 862 1379 916 sustines
1428 859 1636 929 capite,
1670 873 1884 927 regum
1933 861 2210 934 insigne:
2242 861 2328 914 hoc

401 953 500 1004 aut
540 951 839 1005 moderate
877 950 1298 1021 perferendum
1340 951 1450 1018 est,
1486 951 1602 1014 aut,
1635 948 1792 1017 quod
1823 948 2185 1016 abominor⁹,
2213 950 2263 1002 in
2287 952 2329 1002 to

400 1042 550 1092 ruet.
582 1038 864 1109 Consilio,
895 1054 1009 1093 non
1039 1041 1261 1109 impetu
1296 1052 1446 1106 opus
1476 1039 1588 1092 est.
1628 1058 1649 1084 υ

471 1127 689 1196 Adjicit
728 1127 957 1195 deinde,
990 1128 1147 1200 quod
1186 1127 1342 1198 apud
1385 1127 1731 1180 Bactrianos
1763 1127 1943 1198 vulgo
1985 1128 2331 1198 usurpabant,

399 1230 606 1270 canem
647 1216 915 1271 timidum
964 1217 1375 1271 vehementius
1406 1215 1624 1269 latrare
1664 1231 1838 1286 quam
1882 1218 2172 1283 mordere,
2202 1216 2336 1270 altis-

401 1304 551 1358 sima
590 1320 837 1375 quaeque
886 1305 1127 1360 flumina
1167 1304 1413 1358 minimo
1455 1319 1604 1358 sono
1645 1304 1785 1359 labi.
1830 1303 1972 1369 Quae
2004 1306 2242 1373 inserui,
2270 1308 2333 1368 ut,

400 1393 844 1464 qualiscumque
885 1393 1040 1448 inter
1077 1392 1369 1448 barbaros
1414 1393 1602 1463 potuit
1640 1407 1793 1461 esse,
1830 1394 2146 1464 prudentia
2175 1394 2336 1448 trade-

399 1487 583 1540 retur.

469 1571 599 1626 Jam
642 1572 739 1627 his
784 1573 1145 1627 audientium
1195 1572 1698 1643 exspectationem
1745 1573 2143 1643 suspenderat
2179 1592 2194 1628 :
2240 1577 2337 1628 tum

401 1662 720 1716 consilium
751 1662 940 1732 aperit
967 1662 1172 1715 utilius
1204 1662 1392 1716 Besso
1422 1676 1596 1730 quam
1625 1661 1873 1733 gratiuS.
1900 1683 1925 1710 α
1956 1662 2023 1716 In
2053 1663 2335 1726 vestibulo,

401 1750 620 1821 inquit,
671 1751 857 1820 regiae
911 1759 1027 1805 tuae
1078 1750 1504 1805 velocissimus
1563 1750 1838 1805 consistit
1883 1766 2019 1806 rex.
2066 1753 2214 1807 Ante
2261 1751 2337 1804 ille

403 1854 639 1909 agmen,
681 1854 856 1908 quam
898 1841 963 1892 tu
1003 1840 1274 1892 mensam
1317 1839 1491 1892 istam
1535 1838 1824 1892 movebis.
1867 1837 2042 1893 Nunc
2080 1839 2151 1893 ab
2188 1835 2336 1893 Tanai

404 1928 728 1982 exercitum
752 1943 1026 1982 accerses
1047 1928 1099 1982 et
1120 1927 1305 1980 armis
1325 1925 1567 1980 flumina
1589 1934 1871 1996 oppones·
1901 1925 2157 1996 Scilicet,
2176 1928 2338 1998 quatu

402 2015 705 2087 fugiturus
737 2033 824 2082 eS‚
853 2017 1044 2071 hostis
1074 2017 1243 2086 sequi
1264 2032 1385 2070 non
1406 2012 1629 2086 potest!
1662 2016 1778 2070 Iter
1799 2018 2031 2086 utrique
2064 2028 2336 2073 commune

400 2109 509 2175 est,
541 2105 753 2159 victori
790 2107 996 2162 tutius·
1033 2106 1199 2160 Licet
1229 2108 1542 2159 strenuum
1577 2113 1796 2158 metum
1825 2111 1999 2174 putes
2029 2122 2184 2172 aese,
2206 2104 2337 2159 velo·

400 2194 526 2248 cior
561 2198 758 2248 tamen
797 2210 938 2263 spes
981 2198 1097 2248 est.
1142 2193 1295 2258 Quin
1326 2192 1634 2247 validioris
1672 2209 1928 2263 occupas
1960 2196 2224 2265 gratiam,
2259 2190 2337 2243 de·

400 2282 608 2354 disque
644 2288 722 2349 te,
764 2277 1080 2353 utcumque
1111 2282 1357 2337 cesserit
1377 2281 1437 2350 ¹⁰,
1470 2282 1777 2336 meliorem
1809 2282 2105 2336 fortunam
2135 2282 2337 2336 deditus

399 2386 571 2441 quam
600 2370 791 2424 hostis
812 2370 1163 2425 habiturus?
1181 2372 1453 2424 Alienum
1484 2370 1668 2424 habes
1692 2385 1965 2441 regnum,
1990 2387 2104 2441 quo
2135 2368 2335 2423 facilius

399 2475 466 2516 eo
513 2459 803 2518 careas¹².
833 2459 1091 2528 lucipies
1134 2458 1387 2513 forsitan
1419 2457 1682 2529 justus¹'
1721 2473 1856 2512 esse
1897 2475 2025 2525 rex,
2069 2474 2194 2512 curn
2228 2458 2336 2524 ipse

401 2547 606 2602 fecerit
621 2548 678 2614 ¹⁸,
712 2548 815 2619 qui
844 2549 952 2602 tibi
984 2550 1039 2601 et
1066 2547 1208 2602 dare
1239 2551 1439 2617 potest
1465 2562 1717 2618 regnum
1764 2550 1821 2602 et
1862 2549 2116 2617 eripere.
2146 2541 2335 2601 Consi-

397 2636 543 2694 lium
584 2635 773 2691 habes
823 2636 993 2692 fidele
1024 2653 1037 2690 :
1070 2636 1225 2707 quod
1257 2635 1482 2689 diutius
1510 2636 1757 2706 exsequi
1785 2650 2211 2706 supervacuum
2236 2633 2334 2704 est,

399 2723 631 2778 Nobilis
677 2741 867 2796 equus
912 2724 1122 2778 umbra
1169 2739 1403 2794 quoque
1451 2724 1642 2795 virgae
1684 2723 1938 2795 regitur,
1989 2725 2231 2795 ignavus
2265 2732 2334 2771 ne

399 2813 614 2867 calcari
642 2814 876 2884 quidem
907 2814 1192 2869 concitari
1216 2817 1434 2883 potest.
1474 2832 1498 2864 »

469 2903 716 2966 BessuS,
751 2906 806 2956 et
836 2903 1081 2973 ingenio
1114 2907 1168 2956 et
1206 2902 1389 2955 multo
1432 2917 1594 2955 mero
1626 2901 1816 2966 ferox,
1850 2902 1994 2956 adeo
2025 2899 2244 2962 exarsit,
2276 2898 2334 2948 ut

399 2990 501 3043 vix
532 2990 602 3044 ab
632 2990 860 3060 amiciS,
901 3007 1016 3061 quo
1047 2992 1243 3045 minus
1273 2990 1569 3045 occideret
1613 3006 2001 3058 eum,—nam
2037 2985 2331 3045 strinxerat

449 3240 497 3282 8.
528 3237 621 3280 Hoc
642 3238 831 3289 nomine,
847 3238 873 3280 a
892 3239 1097 3285 ce'titre.

450 3300 495 3344 9.
529 3298 650 3350 Quod
666 3300 907 3345 abominor.
942 3301 1009 3345 Cf.
1042 3300 1338 3345 vocabulaire
1368 3300 1516 3346 Omen.

452 3369 518 3408 10.
550 3362 757 3410 Ces-verit,
779 3374 888 3405 sans
910 3365 1047 3417 sujet,
1078 3375 1257 3408 comme
1281 3365 1464 3407 cesserit
1489 3377 1583 3413 res,

452 3428 526 3472 11.
558 3424 740 3470 Car-eas.
775 3424 869 3477 Cf„
886 3435 965 3466 sur
982 3436 1035 3468 ce
1061 3431 1171 3478 mot,
1208 3428 1257 3479 v,
1274 3438 1315 3481 v,
1344 3433 1455 3470 note
1478 3427 1554 3471 23.

452 3492 524 3531 12.
558 3487 733 3540 luscus,
761 3485 986 3538 legitime.

452 3549 528 3591 13.
559 3545 754 3599 Fecerit,
781 3544 1068 3589 c·est·a-dire
1093 3548 1254 3601 secer-it
1281 3553 1326 3593 te
1344 3560 1504 3603 reaem.

2437 1682 2448 2092 l

2433 2133 2451 2444 ἒ

2453 2905 2456 2956 'l

2403 3009 2456 3272 -Ι
