2517 3975
312 914 381 969 10

309 1183 371 1237 11

308 1449 377 1504 12

308 1734 376 1789 13

307 2002 378 2058 14

309 2362 378 2427 15

226 2629 375 2684 -16

308 2985 374 3039 17

442 254 548 310 378
1205 272 1257 318 o.
1302 270 1471 309 onan
1509 270 1646 310 nuri

440 381 704 454 gentium
729 394 932 453 regem
960 379 1223 449 adibant,
1254 384 1314 436 et
1341 381 1643 452 copiarum
1673 379 1852 434 duces
1879 381 2150 447 aderant,
2180 385 2236 436 et
2257 398 2374 436 ves-

437 471 688 527 tibulum
716 470 1001 526 satellites
1030 472 1357 550 armatique
1395 472 1858 542 compleverant.
1903 470 2021 526 Sed
2050 474 2259 544 ingens
2293 488 2380 525 sua

436 561 642 630 sponte
662 560 683 586 ⁸
709 560 987 614 maestitia
1013 560 1235 615 ultimae
1268 560 1707 630 desperationis
1736 560 1914 614 index
1953 563 2113 623 erat;
2162 576 2383 629 suspec-

434 649 595 719 tique
622 647 896 712 invieem,
931 662 1051 703 non
1100 648 1263 703 adire
1310 648 1582 719 propius,
1627 662 1745 704 non
1785 647 2044 717 colloqui
2094 647 2381 716 audebant,

435 741 698 792 secretas
744 737 1138 809 cogitationes
1209 738 1367 792 intra
1412 737 1517 792 se'
1554 752 1790 807 quoque
1837 737 2159 791 volvente:
2201 740 2282 802 et,
2325 752 2386 790 ex

434 826 873 897 comparatione
921 827 1087 898 regis
1134 827 1297 896 novi,
1346 826 1708 881 desiderium
1751 824 2130 879 excitabatur
2175 825 2383 879 amissi.

439 939 462 964 a
496 916 616 980 Ubi
651 915 750 969 ille
781 917 959 988 esset,
991 915 1166 992 quus
1180 916 1514 990 imperium,
1541 914 1716 987 cujus
1766 915 2141 984 auspicium⁸
2166 916 2191 936 *
2217 915 2387 970 secuti

433 1003 658 1084 emnt‘,
703 1002 1112 1075 requirebant.
1162 1005 1496 1060 Destitutos
1533 1020 1601 1060 se
1651 1004 1809 1060 inter
1854 1002 2113 1058 infestas
2160 1003 2388 1060 iudomi-
2456 1041 2457 1068 ff

431 1101 640 1168 tasque
670 1095 897 1167 gentse,
931 1094 1296 1164 expetituras
1316 1096 1398 1161 tot
1430 1109 1667 1160 suarum
1688 1094 1940 1158 cladium
1966 1109 2205 1164 poenas,
2231 1109 2387 1166 quan-

432 1181 623 1251 doque
652 1180 846 1240 oblata
874 1184 1036 1236 esset
1064 1182 1316 1238 occasio.
1349 1205 1372 1231 »
1404 1182 1512 1248 His
1534 1181 1998 1254 cogitationibus
2021 1182 2257 1238 animos
2277 1197 2387 1237 exe-

432 1270 660 1340 debant‚
703 1286 837 1334 cum
864 1271 1270 1341 annuntiatur,
1300 1271 1555 1346 equites,
1585 1272 1688 1343 qui
1717 1270 1830 1328 sub
1862 1270 2150 1326 Perdicca
2181 1274 2378 1334 essent,

385 1360 390 1364 ’
430 1359 730 1429 occupatis
755 1359 914 1418 circa
939 1359 1245 1434 Babylona
1259 1360 1511 1430 campis,
1534 1360 1911 1425 frumentum,
1929 1359 2092 1434 quod
2112 1359 2176 1426 in
2196 1360 2379 1418 urbem

432 1448 781 1517 vehebatur,
811 1448 1149 1518 retinuisse.
1168 1449 1387 1522 ‘Itaque
1417 1449 1618 1521 inopia
1646 1449 1925 1522 primum,
1958 1448 2176 1516 deinde
2219 1448 2378 1504 fames

431 1553 569 1593 esse
597 1539 794 1616 coepit,
825 1541 900 1610 et,
934 1538 1036 1618 qui
1066 1538 1128 1592 in
1159 1538 1311 1593 urbe
1359 1542 1546 1606 erent,
1579 1540 1679 1596 aut
1721 1537 2226 1604 reconciliandam
2270 1552 2376 1592 cum
2456 1611 2457 1624 χ

430 1624 711 1692 Perdicca
734 1627 1120 1698 gratiam,aut
1147 1628 1335 1695 armis
1365 1627 1707 1683 certandum
1736 1643 1871 1682 esse
1903 1627 2259 1684 censebant.
2456 1627 2457 1636 ’

501 1732 785 1794 Fortuita
814 1733 1105 1790 acciderat
1142 1735 1226 1801 ut,
1260 1735 1364 1805 qui
1411 1736 1474 1791 in
1519 1735 1683 1807 agris
1722 1737 1908 1798 erant,
1954 1735 2373 1805 populationem
2456 1761 2457 1768 ι

429 1822 706 1887 villarum
734 1824 1121 1895 vicorumque
1151 1823 1322 1882 veriti
1343 1823 1733 1896 confugerent
1751 1823 1811 1877 in
1831 1823 2075 1891 urhem3
2100 1822 2374 1894 oppidani,
2456 1861 2457 1894 ἶ

432 1928 564 1974 cum
593 1912 762 1982 ipsos
792 1913 1067 1970 alimenta
1094 1913 1436 1981 deficerent,
1470 1913 1827 1970 excederent
1852 1912 2025 1979 urhe,
2058 1915 2120 1968 et
2166 1913 2374 1983 utrique
2456 1897 2457 1948 ἕ

430 2001 637 2076 generi
652 2001 691 2030 ¹⁰
719 2003 914 2075 potior
940 2003 1133 2061 aliena
1164 2003 1343 2061 sedes
1390 2020 1562 2074 quam
1609 2019 1719 2058 sua
1761 2003 2089 2058 videretur.
2141 2003 2374 2069 Quorum
2456 2010 2457 2047 ὲ

430 2092 970 2159 consternationem
1005 2092 1361 2149 Macedones
1386 2092 1585 2161 veriti,
1613 2092 1672 2146 in
1701 2092 1929 2164 regiam
1959 2095 2197 2156 coeunt,
2233 2105 2373 2161 quaa·-

430 2196 546 2253 que
574 2181 846 2252 ipsorum
876 2183 1175 2241 sententia
1204 2184 1367 2237 esset
1409 2185 1735 2252 exponunt.
1766 2181 2046 2236 Placebat
2076 2185 2271 2241 autem
2308 2180 2376 2235 le-

430 2272 605 2340 gatos
635 2270 707 2324 ad
735 2271 963 2341 equites
1001 2272 1155 2329 mitti
1193 2271 1265 2325 de
1305 2271 1564 2329 finienda
1603 2271 1900 2326 discordia
1947 2270 2251 2342 armisque
2292 2283 2375 2339 po-

431 2359 667 2417 nendiS.
697 2360 888 2432 Igitur
925 2376 959 2419 e
989 2375 1130 2433 rege
1174 2361 1406 2433 legatur
1432 2361 1621 2419 Pasas
1651 2359 1976 2419 Thessalus
2021 2362 2082 2414 et
2120 2360 2374 2417 Amissus

429 2449 961 2527 Megalopolitanus
991 2452 1049 2511 et
1076 2450 1384 2509 Perilaus:
1418 2450 1521 2521 qui
1570 2466 1703 2509 cum
1745 2449 2016 2507 mandata
2053 2450 2220 2521 regis
2259 2446 2370 2502 edi-

431 2538 683 2604 dissent,
733 2555 852 2594 non
897 2538 1069 2599 aliter
1106 2539 1412 2609 posituros
1460 2554 1623 2595 arma
1671 2539 1924 2609 equiteS,
1974 2553 2154 2609 quam
2199 2538 2253 2595 si
2286 2550 2377 2590 rex
2456 2544 2457 2551 ¹

431 2628 744 2685 discordiae
772 2630 1045 2683 auctores
1062 2628 1100 2657 ¹¹
1135 2627 1480 2695 dedidisset,
1524 2628 1716 2685 tulere
1744 2643 2122 2697 responsum.
2163 2627 2276 2685 His
2299 2639 2378 2683 re-
2456 2682 2457 2687 ,

429 2719 739 2786 nuntiatis,
764 2734 870 2783 sua
892 2719 1095 2787 sponte
1123 2731 1286 2773 arma
1313 2718 1536 2775 milites
1556 2718 1816 2787 capiunt.
1847 2716 2115 2781 Quorum
2143 2715 2377 2775 tumultu
2456 2716 2457 2759 ῑ

405 2872 412 2879 ,
432 2824 476 2862 e
493 2809 663 2881 regia
684 2807 994 2878 Philippus
1013 2807 1245 2862 excitus
1269 2824 1283 2860 2
1311 2826 1334 2858 ι
1359 2805 1544 2874 Nihil,
1569 2807 1781 2878 inquit,
1799 2805 2087 2861 seditione
2107 2809 2201 2860 est
2220 2816 2372 2874 opus.

431 2898 582 2957 Nam
610 2900 772 2954 inter
796 2912 863 2952 se
895 2896 1248 2953 certantium
1295 2897 1565 2968 praemia,
1603 2896 1705 2967 qui
1754 2895 2111 2966 quieverint,
2143 2905 2375 2963 occupe-

429 2987 597 3045 bunt.
628 2988 818 3046 Simul
837 2987 1191 3045 mementote
1220 3001 1349 3041 rem
1379 3001 1514 3042 esse
1541 3002 1677 3043 cum
1707 2984 1964 3052 civibuS‚
1989 2984 2206 3055 quibus
2225 2993 2375 3053 spem

478 3240 524 3282 6.
559 3236 648 3280 Sua
670 3239 843 3288 sponte.
877 3233 1109 3277 Entendez
1137 3245 1219 3276 sua
1236 3238 1390 3288 sponte
1411 3238 1526 3280 orta.

481 3303 529 3341 ’1.
561 3298 685 3339 Intra
702 3306 751 3337 se
770 3306 885 3348 pour
902 3306 1048 3337 aecum
1077 3306 1106 3337 n
1108 3295 1195 3338 ’est
1223 3307 1308 3350 pas
1338 3296 1394 3339 de
1423 3296 1640 3352 l'epoque
1670 3295 1928 3350 classique.

478 3363 523 3401 8.
558 3356 806 3409 Imperium,
832 3357 1088 3410 auspicium.
1109 3356 1183 3404 Cf.
1215 3361 1285 3412 vl,
1313 3370 1384 3409 ιιι.
1414 3363 1575 3404 note2

478 3420 526 3462 9.
561 3415 717 3460 Secuta·
743 3420 1000 3462 erant.1.a
1046 3429 1183 3470 prose
1223 3420 1461 3476 classique
1500 3422 1705 3466 metti-ait
1744 3423 1788 3464 le
1820 3418 2072 3476 subjonctir
2099 3417 2125 3462 a
2151 3425 2284 3461 cause
2306 3411 2354 3455 du

429 3478 545 3531 style
571 3476 785 3517 indirect.
820 3476 888 3518 Cf.
912 3480 983 3523 111,
1007 3489 1060 3532 11,
1095 3485 1205 3523 note
1232 3481 1307 3525 27.

483 3538 555 3581 ιο
591 3534 775 3587 Utrique
800 3537 951 3585 veneri
979 3547 1156 3583 comme
1184 3543 1402 3597 utrisque.

482 3597 555 3638 11.
589 3592 821 3639 Auctor-ee.
854 3595 924 3641 cf.
961 3599 1272 3652 lv.111‚note
1301 3605 1373 3648 29.
