2517 3975
853 749 1170 818 LIBER
1229 749 1330 817 VI

775 1291 1029 1346 CAPUT
1069 1292 1375 1348 PRIMUM
1398 1294 1411 1320 ¹

580 1446 779 1494 Guerre
813 1460 876 1493 en
910 1446 1097 1495 Grece.
1139 1473 1200 1484 -
1234 1448 1370 1495 Mort
1404 1447 1605 1512 d'Agis.

1026 1578 1173 1634 (330.)

204 1774 351 1795 .....
403 1754 623 1810 pugnae
699 1739 1018 1794 discrimen
1093 1740 1338 1794 immisit
1354 1739 1394 1809 ³,
1458 1740 1936 1811 obtruncatisque
1981 1741 2080 1812 qui

134 1828 445 1897 promptius
476 1829 857 1895 resistebant,
908 1844 1184 1899 magnam
1233 1832 1459 1898 partem
1496 1828 1757 1883 hostium
1795 1829 2077 1899 propulit.

134 1910 429 1986 Coeperant
474 1916 681 1989 fugere
710 1919 970 1973 victores
987 1920 1135 1990 ³‚·et‚
1180 1919 1367 1983 donec
1405 1918 1639 1972 avidius
1674 1922 1992 1989 sequentes
2021 1920 2081 1972 in

130 2001 352 2072 planum
404 2006 725 2072 deduxere,
772 2008 942 2062 inulti
986 2008 1272 2063 cadebant
1312 2028 1324 2062 :
1365 2008 1468 2062 sed
1507 2011 1571 2061 ut
1618 2008 1872 2078 primum
1912 2009 2079 2062 locus

60 2107 61 2110 ’
132 2090 186 2144 in
223 2111 333 2165 quo
385 2099 547 2150 stare
589 2100 836 2167 possent
883 2097 1011 2167 fuit,
1064 2100 1254 2167 eequis
1304 2098 1532 2151 viribus
1576 2095 1909 2151 dimicatum
1955 2100 2071 2149 est.

60 2167 63 2234 Ῐ
133 2178 272 2236 Inter
302 2199 516 2239 omnes
545 2192 736 2240 tamen
765 2187 1251 2241 Lacedaemonios
1278 2202 1384 2240 rex
1404 2186 1717 2252 eminebat,
1741 2200 1860 2239 non
1890 2201 2083 2239 armo-

60 2257 61 2324 }
130 2285 245 2326 rum
262 2275 441 2330 modo
475 2281 531 2329 et
557 2276 823 2345 corporis
854 2278 1072 2346 specie,
1106 2278 1211 2331 sed
1243 2278 1418 2330 etiam
1449 2276 1852 2347 magnitudine
1877 2276 2078 2342 animi,

60 2357 63 2368 '
133 2374 230 2428 quo
258 2379 379 2419 uno
426 2364 588 2418 vinci
618 2380 738 2419 non
774 2366 982 2436 potuit.
1017 2366 1307 2436 Undique,
1343 2381 1500 2418 nunc
1543 2365 1894 2430 comminuS,
1927 2375 2084 2417 nunc

131 2451 347 2507 eminus
363 2453 921 2525 petebatur‚diuque
945 2470 1106 2507 arma
1126 2454 1572 2517 circumferenS,
1592 2452 1704 2506 alia
1723 2452 1859 2507 tela*
1870 2452 2082 2522 clipeo*

60 2583 63 2608 Β
133 2540 469 2611 excipiebat,
502 2543 787 2613 corpore*
815 2542 930 2597 alia
959 2543 1183 2597 vitabat
1209 2561 1220 2595 :
1246 2542 1455 2608 donec,
1486 2540 1692 2595 hasta*
1717 2539 1932 2594 femina
1950 2557 2082 2610 per-

174 2746 203 2784 Ι.
229 2768 282 2776 -
311 2752 360 2792 1.
390 2748 453 2791 Le
489 2745 634 2789 debut
660 2746 722 2789 du
752 2747 868 2789 livre
898 2749 951 2789 Vi
980 2755 1185 2800 manque
1215 2756 1392 2788 comme
1423 2744 1465 2786 la
1494 2743 1558 2786 fin
1592 2743 1656 2787 du
1685 2743 1803 2787 livre
1837 2747 1885 2787 v.
1919 2744 2085 2796 Quinto

128 2806 256 2852 curce
280 2808 517 2852 racontait
540 2809 608 2852 les
629 2807 931 2853 &venements
961 2807 1130 2851 dontla
1159 2808 1322 2863 Grece,
1352 2806 1548 2861 l’Illyrie
1578 2810 1625 2848 et
1644 2806 1691 2849 le
1718 2806 1893 2850 Thrace
1914 2805 2087 2851 etaient

128 2865 185 2910 les
209 2869 414 2914 temoins
441 2870 562 2922 (Quae
587 2871 771 2914 interim
798 2871 928 2915 ductu
956 2870 1227 2924 imperioque
1256 2868 1501 2913 Alexandri
1529 2869 1599 2912 vel
1636 2868 1686 2911 in
1717 2869 1906 2920 Graecia,
1937 2871 2009 2914 vel
2037 2871 2086 2913 in

128 2927 306 2987 Illyriis,
336 2945 393 2976 ac
426 2932 612 2977 Thracia
637 2937 763 2987 qesta
789 2935 935 2989 sunt).
962 2937 1012 2986 V,
1042 2945 1075 2986 1,
1104 2938 1144 2976 1.

60 3037 63 3054 Ι
166 2994 207 3037 2.
239 2996 301 3037 La
321 2995 559 3048 premiere
589 2994 756 3047 phrase
783 3000 896 3048 peut
925 2994 1024 3037 etre
1054 2993 1282 3038 restituee
1332 2992 1358 3036 ὲ
1385 3004 1476 3048 peu
1503 2992 1613 3047 pres
1644 2992 1796 3037 ainsi:
1826 2994 1934 3047 Aule
1962 3005 2009 3037 ee
2037 2994 2087 3039 in

127 3054 298 3099 medium
323 3067 491 3110 puynae
520 3056 762 3100 discrimen
791 3056 999 3102 immisit.

172 3116 276 3169 Auis
302 3119 366 3169 11,
412 3121 477 3162 roi
516 3118 574 3162 de
604 3121 765 3172 Sparte
806 3117 905 3173 (338
933 3116 960 3160 ὸ,
986 3118 1099 3173 330),
1130 3118 1336 3173 essayait
1367 3118 1426 3163 de
1472 3129 1719 3163 renverser
1757 3119 1804 3162 la
1840 3119 2087 3174 puissance

60 3173 63 3186 ¹
127 3179 479 3224 macedonienne
506 3192 567 3224 en
591 3180 738 3224 Grece
767 3193 825 3223 au
851 3179 991 3234 profit
1016 3181 1075 3225 de
1106 3182 1290 3235 Sparte.

169 3242 447 3286 Discrimen.
470 3246 556 3286 Sur
574 3254 625 3287 ce
645 3249 756 3295 mot,
785 3244 849 3287 cf.
881 3247 952 3297 lv,
980 3255 1048 3297 ix,
1074 3249 1182 3288 note
1210 3247 1286 3287 33.
1889 3296 1894 3301 ι

170 3301 209 3346 3.
248 3306 477 3358 Victores,
506 3306 576 3348 les
593 3306 924 3349 Macedonicus.
952 3305 1194 3361 Sequentee
1224 3305 1250 3348 ὸ,
1275 3306 1555 3357 l’accusatif,
1586 3308 1657 3350 les
1678 3306 2088 3351 Lacedemoniens.

169 3368 209 3408 4.
242 3367 468 3422 Cor-pore,
511 3366 797 3411 c'est-a-dire
827 3379 985 3422 corpus
1028 3369 1309 3422 declinando,
1340 3369 1500 3422 exiqua
1541 3369 1741 3423 corporis
1768 3369 2086 3420 declinatione,

135 3434 294 3474 comme
324 3430 374 3474 le
396 3429 502 3473 dira
527 3430 717 3473 ailleurs
750 3431 918 3482 Quinte
943 3434 1089 3474 curce
1117 3432 1210 3485 (IX,
1240 3442 1323 3482 vn,
1361 3432 1454 3486 21).
1485 3430 1606 3475 C’est
1639 3432 1950 3486 l‘expression
1976 3442 2085 3473 con-

139 3492 274 3553 }acree
293 3509 303 3535 ε
323 3492 479 3535 Parva
505 3492 690 3545 quadam
719 3493 1031 3545 declinatione,
1059 3497 1117 3547 et,
1134 3498 1182 3536 ut
1212 3494 1355 3545 aiunt,
1384 3505 1567 3548 corpore
1596 3493 1747 3547 etfnqi.
1774 3493 1854 3536 J‘ai
1880 3490 2086 3545 echappe

140 3557 158 3588 a
176 3561 243 3597 ses
271 3565 434 3608 coups
461 3566 518 3597 en
546 3566 621 3598 me
650 3554 927 3599 detournant
951 3566 1016 3599 un
1046 3567 1152 3610 peu,
1183 3560 1247 3610 et,
1277 3566 1456 3599 comme
1488 3566 1545 3598 on
1575 3555 1661 3608 dit,
1693 3566 1773 3608 par
1801 3566 1866 3597 un
1896 3563 2087 3597 mouve-

141 3619 239 3659 ment
263 3618 325 3661 de
349 3627 495 3670 corps
518 3619 652 3673 (Cic.,
683 3617 896 3671 Catil.,l‚
925 3616 991 3671 6).
