2517 3975
62 104 79 251 ³

62 600 67 729 ν

601 255 996 295 ΗῙεΤοΒιΑιωΜ
1033 255 1372 296 ΑιΕΧΑΝυΒι
1412 259 1491 311 vi,
1532 261 1589 297 v,
1975 235 2079 296 179

158 362 291 417 missi
316 380 412 418 xc.
446 365 511 416 In
542 363 1017 434 supplementum
1062 363 1417 418 distributus
1458 363 1630 418 miles
1648 365 1711 429 ¹³,
1762 366 1946 421 ceteri
1986 380 2083 419 rc-

159 452 292 506 missi
318 454 575 519 domum,
608 456 826 522 praeter
858 452 1358 521 Lacedaemoni08‚
1404 469 1552 524 quos
1598 454 1750 509 tradi
1789 454 1850 507 in
1888 456 2083 509 custo-

155 540 274 595 diam
294 542 504 611 jussit.

155 735 266 788 pera
303 723 357 774 et
386 721 718 775 latrociniis
747 722 1025 774 assueta:
1058 721 1186 776 haec
1223 721 1355 775 sola
1411 737 1520 775 nee
1561 722 1792 792 legatos
1821 721 2083 787 miserat,

159 824 240 863 nec
257 810 561 864 videbatur
591 810 872 879 imperata
892 809 1136 864 factura.
1169 810 1370 880 Itaque
1389 826 1498 864 rex
1513 810 1880 881 indignatum,
1899 810 1954 864 si
1974 825 2089 863 una

158 913 277 969 gens
306 901 512 969 posset
554 899 791 953 efficere
833 914 908 952 ne
950 898 1204 954 invictus
1232 902 1418 970 esset,
1484 899 1919 969 impedimentis
1956 914 2091 953 cum

155 989 408 1054 proesidio
454 978 700 1058 relictis,
748 989 941 1041 valida
988 1005 1164 1042 manu
1200 990 1531 1056 comitante,
1575 989 1861 1059 procedit.
1898 989 2092 1043 Noctu

155 1075 244 1131 iter
266 1078 503 1146 fecerat,
546 1081 600 1132 et
631 1077 817 1147 prima
846 1079 976 1132 luce
1012 1077 1204 1132 hostis
1244 1079 1305 1132 in
1336 1080 1648 1148 conspectu
1677 1082 1821 1132 erat.
1854 1078 2092 1132 Tumul-

156 1173 227 1219 lus
249 1167 443 1236 magis
482 1182 657 1237 quam
698 1165 974 1235 proelium
1018 1164 1144 1220 fuit.
1189 1167 1497 1220 Deturbati
1531 1182 1604 1220 ex
1633 1166 1913 1235 collibus,
1946 1181 2094 1236 quos

157 1258 585 1326 occupaverant,
616 1255 860 1309 barbari
897 1253 1313 1325 profugerunt,
1347 1255 1719 1325 proximique
1748 1256 1865 1309 vici
1894 1254 1967 1308 ab
1997 1255 2094 1308 in-

154 1345 272 1399 colis
301 1344 525 1398 deserti
554 1343 880 1414 capiuntur.
922 1345 1209 1398 Interiora
1236 1345 1506 1415 regionis
1533 1345 1575 1371 ¹⁸
1597 1343 1731 1414 ejus
1760 1344 1917 1397 haud
1948 1359 2093 1397 sane

157 1434 278 1487 adiri
297 1434 430 1488 sine
448 1449 663 1504 magna
681 1422 995 1487 vexatione
1016 1434 1316 1487 exercitus
1333 1433 1788 1505 poterant.Juga
1808 1434 2097 1487 montium

152 1525 387 1593 praealtae
418 1523 588 1577 silvae
610 1539 906 1593 rupesque
933 1523 1110 1577 inviae
1132 1523 1387 1592 saepiunt
1411 1541 1423 1577 :
1448 1539 1533 1590 ea,
1567 1539 1698 1594 quae
1727 1524 1904 1593 plana
1925 1526 2088 1590 sunt,

155 1628 284 1668 novo
308 1613 655 1668 munimenti
672 1627 891 1682 genere
914 1612 1303 1682 impedierant
1322 1613 1578 1668 barbari.
1603 1613 1867 1667 Arbores
1896 1612 2098 1666 densae

153 1707 267 1757 sunt
280 1704 351 1758 de
367 1702 658 1757 industria
675 1703 921 1757 consitae
939 1718 952 1755 ε
973 1717 1218 1772 quarum
1238 1706 1479 1757 teneros
1496 1703 1685 1756 adhuc
1701 1716 1900 1756 ramos
1920 1717 2099 1755 manu

153 1788 388 1860 flectunt,
420 1806 570 1859 quos
598 1789 854 1845 intortos
890 1806 1104 1844 rursus
1147 1790 1423 1845 inserunt
1447 1791 1487 1817 ¹⁰
1515 1793 1691 1844 terrae
1725 1804 1737 1843 z
1773 1789 1907 1843 inde
1939 1789 2100 1845 velut

152 1894 213 1932 ex
240 1881 350 1934 alia
369 1880 568 1934 radice
606 1880 867 1934 laetiores
908 1880 1106 1934 virent
1144 1879 1359 1933 trunci.
1394 1880 1542 1948 HOS,
1574 1895 1687 1950 qua
1717 1882 1927 1933 natura
1957 1877 2089 1941 fert,

151 1967 471 2025 adolescere
505 1986 625 2024 non
665 1969 888 2038 sinunt,
920 1970 1136 2041 quippe
1164 1968 1340 2023 alium
1369 1969 1469 2023 alii
1499 1971 1671 2039 quasi
1701 1984 1859 2023 nexu
1888 1982 2095 2024 conse—

150 2062 270 2116 runt
301 2073 314 2112 :
360 2057 482 2127 qui,
523 2057 836 2112 ubimulta
871 2057 1082 2112 fronde
1113 2056 1312 2112 vestiti
1351 2059 1508 2118 sunt,
1552 2056 1821 2126 operiunt
1858 2059 2097 2111 terram.

151 2142 331 2217 Itaque
391 2145 606 2201 occulti
651 2162 949 2201 ramorum
996 2147 1163 2200 velut
1206 2145 1403 2215 laquei
1450 2147 1730 2216 perpetua
1779 2161 1942 2215 saepe
1989 2146 2102 2200 iter

149 2233 398 2292 cludunt.

209 2322 338 2379 Una
365 2324 517 2380 ratio
548 2332 672 2379 erat
701 2323 975 2379 caedendo
1004 2325 1296 2395 aperire¹⁷
1320 2321 1556 2389 saltum,
1589 2323 1695 2376 sed
1732 2322 1845 2376 hoc
1870 2337 2101 2395 quoque

210 631 528 685 Mardorum
556 631 598 658 ¹⁴
627 633 753 685 erat
790 646 942 701 gens
982 631 1232 686 confinis
1269 632 1607 702 Hyrcaniae,
1639 628 1798 686 cultu
1825 632 1962 685 vitae
1992 647 2086 685 as·
2143 635 2205 688 11

2152 995 2217 1049 12

2153 1353 2220 1406 13

2156 1621 2222 1675 14

2159 1889 2225 1943 15

2158 2336 2227 2392 16

62 2399 65 2404 ’
147 2415 334 2484 magni
364 2412 585 2485 oper-ie.
628 2412 838 2468 Crebri
867 2429 1118 2485 namque
1169 2413 1313 2469 nodi
1354 2412 1716 2466 duraverant
1752 2412 2009 2482 stipiteS,
2047 2415 2108 2467 et
2192 2458 2195 2461 ,

143 2498 196 2554 in
231 2518 296 2557 se
337 2502 622 2574 implicati
661 2503 937 2568 arborum
982 2504 1150 2571 rami,
1203 2502 1521 2572 suspensis
1569 2500 1810 2578 circulis
1855 2501 2102 2569 similes,

142 2586 291 2644 lento
322 2591 361 2617 ¹⁸
399 2591 623 2644 vimine
652 2588 1092 2644 frustrabantur.
1109 2591 1287 2651 ictus.
1319 2589 1534 2643 Incolae
1558 2591 1773 2655 autem,
1804 2588 1923 2644 ritu
1951 2590 2103 2645 fera·

142 2692 288 2750 rum,
319 2679 581 2749 virgulta
601 2680 804 2740 subire
835 2680 1015 2746 soliti,
1050 2683 1172 2734 tum
1216 2694 1452 2750 quoque
1484 2679 1845 2733 intraverant
1865 2680 2102 2747 saltum,

187 2846 256 2890 13.
285 2847 430 2901 Miles,
461 2845 689 2900 singulier
718 2843 938 2890 conectit.
964 2844 1032 2889 cf.
1053 2848 1129 2899 ΙΙΙ,
1151 2857 1182 2897 ι,
1203 2849 1311 2888 note
1336 2850 1377 2890 3.

187 2912 262 2951 14.
291 2908 559 2954 Mardorum.
589 2912 709 2951 Nous
727 2919 869 2952 avons
891 2907 995 2961 deja
1009 2919 1071 2952 vu
1101 2908 1247 2964 (Van,
1270 2908 1340 2962 17)
1356 2908 1438 2950 des
1469 2907 1642 2951 mardes
1670 2918 1754 2951 sur
1778 2910 1847 2952 les
1860 2910 2107 2956 frontieres

140 2968 193 3011 de
222 2970 267 3011 la
310 2975 467 3015 Perse.
503 2976 592 3015 Des
633 2971 852 3014 fractione
890 2971 948 3014 de
973 2977 1096 3015 cette
1130 2971 1254 3014 tribu
1312 2970 1506 3024 pillarde
1536 2969 1707 3014 etaient
1740 2970 2001 3026 repandues
2029 2987 2107 3019 sur

134 3029 377 3077 differente
395 3035 546 3087 points
574 3033 640 3076 du
667 3032 851 3087 plateau
870 3033 927 3078 de
954 3034 1108 3076 l'lran.

188 3095 258 3136 15.
286 3095 508 3139 Interiora
531 3096 744 3149 reqiom's.
791 3094 993 3151 Adjectif
1033 3099 1199 3138 neutre
1251 3105 1368 3139 avec
1406 3092 1576 3149 genitis
1599 3094 1793 3149 partitis.
1827 3098 1898 3143 cf.
1932 3100 2005 3154 111,
2026 3110 2109 3154 vu,

138 3160 249 3198 note
273 3162 347 3202 1¹.

185 3218 513 3264 16.1n3erzmt.
559 3221 682 3265 C'est
730 3231 789 3263 ce
833 3220 970 3275 qu'on
1021 3220 1205 3275 appelle
1248 3232 1308 3263 en
1343 3220 1688 3268 arborieulture
1736 3224 1780 3267 le
1827 3228 2110 3279 marcotage.

133 3279 203 3320 Cf.
226 3279 381 3334 Vir-g„
411 3283 592 3336 Ge'ora„
620 3284 676 3326 11.

187 3343 587 3397 ¹7.1perire.1,e
615 3344 830 3398 gerendis
848 3344 1084 3399 apes-leudi
1113 3345 1259 3389 serait
1287 3348 1394 3399 plus
1422 3348 1592 3393 usuel:
1625 3349 1855 3394 l’infinitif
1873 3360 1925 3393 se
1953 3355 2111 3393 trouve

136 3409 354 3454 pourtant
372 3418 487 3450 avec
509 3408 626 3450 ratio
651 3410 741 3450 επ.
771 3408 843 3450 Cf.
881 3410 946 3457 lv,
976 3419 1076 3462 vm,
1107 3412 1215 3453 note
1243 3410 1291 3452 ⁴.
1321 3409 1650 3460 Quoe‚ma1um.'
1676 3412 1797 3455 ratio
1817 3414 1885 3455 est
1915 3412 2113 3465 expertis

136 3464 233 3506 alia
262 3469 486 3521 experiri.
481 3470 499 3500 ⁹
528 3468 1045 3525 (T.Liv.,v,1.1v,6).

192 3530 269 3570 18
305 3529 465 3574 Lentus
485 3532 692 3585 (lenitus,
712 3532 769 3575 de
799 3532 934 3585 lenio)
957 3544 1022 3575 au
1051 3543 1162 3577 sens
1187 3544 1368 3587 propre,
1394 3536 1573 3589 souple‚
1603 3536 1801 3580 flexible.
1826 3536 1965 3578 Lenta
1989 3534 2113 3587 r-itiv,

141 3586 189 3629 la
224 3588 356 3642 vigne
383 3594 561 3637 flexible
591 3594 756 3648 (virg.‚
775 3595 895 3649 an,
927 3598 996 3649 111,
1015 3594 1104 3649 88).
1505 3625 1514 3630 ὴ

2161 2606 2227 2661 17
