2517 3975
301 2407 369 2463 10

425 228 530 282 178
1186 250 1240 293 Q.
1284 250 1454 287 cui-rm
1493 249 1662 288 nur-1-

423 354 555 424 pitii
579 356 595 374 *
617 354 872 426 pignora
893 356 915 383 ⁸
935 358 998 411 in
1030 345 1230 428 rege'm
1264 373 1438 412 suum
1459 358 1532 412 ad
1563 357 1835 412 ultimum
1863 357 2013 412 fides
2042 360 2359 413 conservata

424 444 756 498 vincebat⁸.
794 444 1053 501 Comiter
1090 447 1276 518 igitur
1315 451 1597 516 exceptus
1631 465 1643 500 :
1689 469 1712 493 «ι
1756 447 1842 501 Tu
1881 448 2139 517 quidem,
2180 446 2359 516 inquit,

424 547 552 598 rex,
575 532 721 586 deos
742 550 967 604 quaese,
989 538 1273 605 perpetua
1302 534 1578 590 felicitate
1608 536 1824 590 floreas
1850 553 1863 589 ι
1892 552 2028 608 egm,
2052 538 2263 591 ceteris
2282 536 2365 588 lae-

423 624 541 687 tue,
572 621 681 676 hoc
702 638 820 676 uno
852 626 1151 694 torqueor,
1184 624 1341 694 quod
1371 624 1661 695 praecipiti
1690 627 1992 681 senectute
2019 625 2122 679 diu
2147 625 2258 679 frui
2280 628 2363 678 tua

422 709 680 766 bonitate
718 726 839 766 non
877 727 1123 781 possum
1144 714 1182 766 ⁰.
1223 736 1245 761 υ
1283 712 1751 784 Nonagesimum
1787 715 1844 767 et
1874 714 2142 782 quintum
2173 726 2365 767 annum

423 798 657 869 agebat.
680 799 907 854 Novem
926 800 1182 871 juvenes
1200 802 1239 871 *‚
1268 817 1478 856 omnes
1499 802 1703 856 eadem
1725 806 1914 856 matre
1937 803 2142 873 geniti,
2166 806 2364 872 patrem

422 888 853 944 comitabantur
887 905 898 942 :
935 889 1046 944 hos
1074 891 1405 945 Artabazus
1448 891 1704 945 dexterae
1735 892 1898 961 regis
1937 891 2218 958 admovit,
2250 905 2365 960 pre·

423 981 589 1032 catus
619 980 682 1032 ut
710 980 828 1032 tam
849 978 945 1033 diu
978 981 1269 1049 viverent,
1303 980 1493 1035 donec
1513 981 1530 1006 ⁷
1563 980 1740 1034 utiles
1772 979 2109 1034 Alexandro
2140 978 2362 1035 essent⁸.

422 1067 545 1121 Rex
577 1066 826 1136 pedibus
853 1067 966 1121 iter
995 1068 1345 1140 plerumque
1378 1068 1627 1123 faciebat
1659 1086 1671 1122 z
1700 1071 1841 1123 tunc
1860 1069 2171 1123 admoveri
2190 1069 2299 1123 sibi
2323 1070 2366 1122 et

423 1154 712 1211 Artabazo
743 1171 931 1226 equos
964 1157 1172 1229 jussit,
1206 1174 1300 1227 ne,
1335 1158 1467 1230 ipso
1500 1159 1873 1231 ingrediente
1896 1144 2174 1230 pedibuS‚
2209 1174 2367 1214 senex

422 1260 576 1316 equo
607 1244 747 1300 vehi
776 1248 1173 1324 erubesceret.

494 1335 570 1389 Ut
608 1335 819 1390 deinde
858 1337 1089 1392 castra*
1131 1341 1269 1392 sunt
1306 1339 1524 1409 posita,
1565 1338 1829 1404 Graecos,
1870 1354 2020 1410 quos
2067 1338 2372 1394 Artabazus
2459 1356 2460 1375 ³

421 1424 762 1495 adduxerat,
803 1427 1120 1481 convocari
1151 1426 1327 1499 „iubet
1370 1445 1382 1481 :
1429 1431 1484 1482 at
1521 1428 1628 1496 illi,
1663 1429 1784 1482 nisi
1823 1426 1972 1482 fides
2007 1428 2369 1483 Lacedaemo·
2459 1486 2460 1497 χ

423 1513 580 1568 niis⁰
634 1528 870 1584 quoque
915 1519 973 1569 et
1021 1515 1462 1586 Sinopensibus
1481 1517 1520 1543 ¹⁰
1577 1516 1836 1582 daretur,
1896 1517 2262 1587 respondent
2296 1531 2367 1578 se,

421 1602 560 1675 quid
602 1603 897 1675 agendum
950 1605 1105 1674 ipsis
1132 1605 1168 1632 ¹¹
1217 1604 1411 1672 foret,
1463 1604 1917 1661 deliberaturos.
1975 1606 2184 1676 Legati
2231 1608 2370 1660 erant

420 1692 1010 1747 Lacedaemoniorum
1040 1695 1210 1749 missi
1231 1695 1305 1748 ad
1336 1695 1613 1758 Darium;
1645 1710 1760 1766 quo
1783 1697 1961 1764 victo,
1986 1696 2371 1765 applicuerant

421 1797 488 1836 se
516 1782 741 1836 Graecis
757 1783 1026 1838 mercede
1053 1784 1208 1854 apud
1239 1784 1459 1838 Persas
1476 1783 2061 1851 militantibus.Rex‚
2097 1782 2370 1840 omissis¹'

423 1871 817 1941 sponsionum
865 1871 1117 1942 fideique
1163 1872 1543 1942 pignoribuS‚
1588 1873 1795 1927 venire
1835 1888 1940 1927 eos
1963 1872 2167 1944 jussit,
2203 1874 2367 1928 fortu-

424 1976 578 2028 nam,
605 1975 778 2030 quam
808 1961 940 2032 ipse
969 1960 1250 2032 dedisset,
1292 1960 1621 2017 habituroS.
1648 1961 1761 2016 Diu
1782 1964 2147 2031 cunctanteS,
2178 1962 2368 2034 pleris·
2457 1984 2458 2000 ι

423 2067 534 2122 que
576 2050 817 2105 consilia
848 2051 1241 2117 variantibus,
1295 2051 1530 2122 tandem
1573 2055 1859 2106 venturos
1910 2068 1976 2106 se
2015 2053 2365 2122 pollicentur.

422 2141 497 2194 At
533 2141 915 2195 Democrates
951 2140 1357 2205 AtheniensiS,
1417 2139 1515 2211 qui
1549 2141 1805 2194 maxime
1846 2141 2230 2196 Macedonum
2260 2141 2368 2211 opi-

422 2230 536 2285 bus
559 2245 796 2301 semper
813 2230 1141 2296 obstiterat‚
1163 2230 1335 2285 venia
1352 2230 1682 2302 desperata,
1708 2230 1906 2301 gladio
1925 2229 1947 2251 *
1969 2245 2036 2285 se
2067 2231 2365 2302 transfigit.

423 2318 636 2387 Ceteri,
669 2320 821 2373 sicut
869 2320 1315 2386 constituerant,
1349 2318 1567 2374 dicioni
1611 2320 1931 2374 Alexandri
1963 2321 2133 2390 ipsos
2163 2338 2227 2377 se
2253 2336 2370 2391 per-

424 2410 678 2464 mittunt.
709 2408 870 2463 Mille
902 2410 957 2463 ct
977 2425 1012 2461 D
1033 2408 1250 2463 milites
1274 2415 1468 2463 erant:
1490 2413 1709 2480 praeter
1729 2407 1840 2463 hos
1859 2407 2042 2479 legati
2066 2410 2136 2464 ad
2150 2410 2368 2463 Darium

475 2656 521 2693 4.
555 2646 755 2700 Hospitii
766 2646 976 2701 pianora.
1001 2647 1203 2690 Allusion
1233 2643 1260 2686 a
1279 2644 1475 2688 l’ancieu
1504 2655 1647 2699 usage
1673 2644 1950 2699 d'echanger
1979 2645 2063 2689 des
2080 2647 2281 2701 presents
2297 2643 2367 2698 qui

424 2709 710 2763 rappelaient
730 2709 774 2752 le
797 2709 892 2751 lien
923 2708 1181 2751 contracte.

475 2776 522 2815 5.
565 2771 941 2824 Vimebat‚.avait
959 2772 1063 2826 plue
1080 2771 1139 2814 de
1162 2770 1322 2813 valeur
1350 2778 1441 2822 que
1462 2768 1594 2823 (dans
1613 2770 1658 2812 la
1688 2769 1861 2823 pensae
1887 2771 2229 2824 d'Alexandre).

477 2837 522 2877 6.
559 2832 676 2884 Quod
703 2844 816 2877 avec
844 2833 1097 2882 l'indicatil',
1131 2834 1172 2876 la
1191 2831 1475 2886 proposition
1499 2830 1791 2886 dependente
1813 2833 2028 2888 exprime
2058 2835 2102 2877 la
2135 2832 2291 2889 pensee
2317 2830 2366 2872 de

427 2894 548 2939 celui
577 2896 655 2950 qui
678 2896 824 2951 parle.
844 2896 908 2940 Cf.
930 2895 1001 2947 IV,
1022 2907 1056 2946 ι,
1083 2901 1189 2939 note
1211 2899 1257 2938 8.

479 2964 524 3002 7.
559 2957 703 3013 Apres
721 2961 812 3000 tam
837 2959 929 3013 diu,
953 2955 1154 3014 quamdiu
1184 2962 1256 3000 est
1275 2958 1378 3011 plus
1407 2957 1538 2999 usuel
1557 2966 1650 3010 que
1674 2956 1822 2999 donec.

478 3025 521 3065 8.
550 3021 695 3064 Donec
720 3025 880 3071 essene,
901 3022 943 3065 le
963 3019 1222 3075 subjunctis
1238 3030 1352 3063 avec
1372 3020 1520 3070 donec,
1538 3019 1694 3073 quand
1713 3020 1757 3062 le
1781 3019 1861 3063 fait
1886 3026 1959 3064 est
1979 3021 2193 3075 presente
2214 3026 2365 3064 comme

429 3085 646 3132 douteux‚
676 3093 733 3124 ou
761 3084 915 3136 quand
957 3094 1016 3125 on
1054 3082 1259 3138 exprime
1292 3091 1384 3125 une
1426 3081 1528 3124 ideo
1564 3086 1621 3124 ne
1645 3081 1744 3136 but,
1780 3083 1836 3124 de
1876 3082 2082 3127 dessein.
2114 3084 2180 3128 cf.
2211 3083 2277 3136 lv,
2298 3089 2367 3130 nl„

431 3151 539 3191 note
567 3149 636 3191 31.

480 3209 522 3252 9.
554 3208 919 3253 Lacedoemoniis.
954 3209 1013 3252 lls
1036 3209 1252 3253 venaient
1271 3207 1327 3250 de
1354 3207 1499 3250 lutter
1521 3212 1682 3250 contre
1707 3208 1751 3249 la
1775 3207 2058 3252 macedoine.
2083 3208 2149 3252 cf.
2172 3212 2235 3259 Vl,
2264 3212 2297 3249 1.

484 3274 552 3315 10.
584 3270 916 3324 Sinopensibm,
934 3272 1003 3313 les
1025 3271 1254 3314 habitants
1273 3272 1330 3315 de
1353 3269 1536 3322 Sinope.
1559 3270 1728 3324 Sinope
1749 3269 1863 3312 etalt
1881 3282 1972 3314 une
1994 3272 2172 3315 colonie
2192 3275 2370 3324 grecque

432 3335 495 3378 du
520 3335 810 3386 pont-Eunu,
832 3332 979 3376 situee
1006 3344 1086 3377 sur
1107 3335 1149 3376 la
1178 3328 1281 3375 cote
1312 3331 1427 3375 nord
1447 3331 1504 3375 de
1535 3331 1672 3375 l‘Asie
1707 3332 1930 3387 Minoum,
1950 3332 1978 3376 ὸ,
2008 3334 2172 3376 l'ouest
2188 3332 2239 3375 de
2256 3330 2368 3373 l'em-
2451 3359 2452 3374 l

434 3396 672 3440 bouchure
700 3394 758 3438 de
784 3395 970 3448 l’Halys.

485 3462 559 3503 11.
592 3458 724 3511 Ipsis,
746 3470 803 3501 on
827 3456 985 3499 attend
1012 3457 1122 3501 sibi.

487 3524 555 3563 12.
583 3519 789 3572 Omissis,
819 3524 954 3560 etc...
974 3520 1205 3561 Entendez
1232 3532 1243 3562 :
1284 3523 1344 3561 Le
1368 3517 1436 3561 roi
1466 3517 1671 3561 recusant
1700 3520 1771 3563 les
1789 3529 1931 3574 gages
1964 3527 2011 3566 et
2040 3522 2107 3564 les
2134 3521 2362 3574 promessos

437 3591 527 3634 que
554 3581 623 3622 les
646 3579 822 3622 soldats
843 3586 979 3629 grecs
999 3578 1063 3621 lul
1092 3579 1435 3622 demandaient.
