2517 3975
329 1337 398 1392 10

450 225 559 284 278
1209 245 1265 291 Q.
1307 244 1476 286 cunm
1515 243 1647 281 num

418 425 423 430 ⁴
453 367 575 414 non
615 350 840 422 ingenii
878 352 1093 422 solum,
1124 350 1233 408 sed
1274 352 1450 408 etiam
1488 350 1749 416 nationis
1777 350 1921 422 ‚vitio
1961 348 2225 404 adulator
2252 379 2310 389 -
2330 348 2370 401 et

452 441 694 496 cetera¹⁸
723 440 961 498 urbium
992 456 1238 498 suarum
1267 444 1657 512 purgamenta
1694 439 2047 510 propinquis
2078 441 2247 493 etiam
2276 453 2368 491 ma-

450 532 864 602 ximorumque
893 532 1253 588 exercituum
1286 531 1537 592 ducibus
1568 546 1602 586 a
1631 546 1776 599 rege
1803 528 2288 600 praeferebantur.
2318 527 2370 590 Hi

450 621 575 674 tum
612 620 823 674 caelum
862 619 948 674 illi
987 619 1348 689 aperiebant,
1383 619 1806 690 Herculemque
1826 618 1847 639 *
1876 620 1933 672 et
1964 617 2198 673 Patrem
2231 618 2367 671 Libe-

449 706 623 766 rum*
661 710 716 763 et
760 723 894 763 cum
942 707 1220 762 Polluce*
1268 707 1608 766 Castorem*
1646 722 1802 761 novo
1848 707 2080 760 numini
2127 718 2367 762 cessuros

426 811 589 852 ·esse
612 795 930 868 jactabant.
953 796 1163 867 Igitur,
1184 794 1336 852 festo
1366 796 1481 862 die,
1507 796 1670 858 omni
1700 795 1999 866 opulentia
2027 790 2366 849 convivium*

452 885 732 944 exornari
773 884 962 957 jubet,
1000 885 1098 939 cui
1135 899 1255 938 non
1294 883 1642 942 Macedones
1685 884 1858 937 modo
1904 886 1961 937 et
2011 881 2202 938 Graeci
2240 881 2368 956 prin-

452 974 617 1043 cipes
657 974 998 1041 amicorum,
1046 973 1152 1030 sed
1194 973 1370 1027 etiam
1412 972 1648 1036 barbari
1688 972 1920 1026 nobiles
1968 967 2365 1028 adhiberentur.

450 1059 591 1122 Cum
621 1061 839 1131 quibus
865 1077 1000 1130 cuin
1029 1062 1434 1120 discubuisset
1459 1077 1590 1130 rex,
1622 1060 1924 1138 paulisper
1953 1061 2240 1134 epulatuS,
2263 1074 2367 1116 con-

449 1150 613 1208 vivio
643 1149 963 1222 egreditur.

518 1238 682 1306 Cleo,
713 1239 864 1295 sicut
892 1242 1286 1310 praeparatum
1315 1241 1459 1306 erat,
1493 1253 1827 1304 sermonem
1861 1253 1996 1294 cum
2024 1238 2369 1306 admiratione

449 1327 687 1390 laudum
716 1327 850 1401 ejus
878 1329 1156 1388 instituit.
1190 1330 1398 1384 Merita
1427 1328 1631 1386 deinde
1668 1326 2006 1398 percensuit
2031 1345 2045 1382 ι
2084 1349 2107 1376 «
2135 1327 2332 1400 quibus
2344 1324 2372 1351 ¹⁴

447 1429 569 1470 uno
598 1416 774 1471 modo
803 1415 1015 1474 referri
1042 1418 1292 1487 gratiam
1305 1431 1505 1487 posse,
1523 1417 1597 1483 si,
1629 1431 1803 1489 quem
1827 1416 2222 1497 intelligerent
2236 1415 2371 1469 deum

358 1540 364 1546 -
450 1520 601 1569 esse,
647 1504 1094 1573 confiterentur,
1146 1508 1366 1576 exigua
1413 1506 1565 1566 turis
1606 1506 1875 1578 impensa
1918 1507 2082 1559 tanta
2127 1501 2373 1559 beneficia

329 1603 393 1659 11

449 1595 774 1664 pensaturi.
823 1594 1041 1650 Persas
1085 1593 1325 1665 quidem
1373 1609 1512 1650 nom
1540 1594 1635 1668 pie
1675 1590 1889 1660 solum,
1928 1594 2038 1648 sed
2068 1594 2239 1648 etiam
2267 1606 2372 1663 pru-

450 1682 655 1738 denter
700 1698 879 1754 reges
945 1698 1094 1737 suos
1144 1683 1300 1737 inter
1342 1682 1487 1740 deos
1552 1683 1784 1740 colere:
1835 1682 2207 1754 majestatem
2251 1679 2373 1736 enim

358 1787 362 1792 ·
448 1772 684 1842 imperii
703 1772 915 1826 salutis
935 1787 1073 1828 esse
1096 1772 1355 1825 tutelam.
1378 1770 1467 1825 Ne
1489 1770 1832 1828 Herculem*
1853 1771 2090 1841 quidem
2107 1775 2162 1826 et
2182 1771 2371 1825 Patrem

329 2050 397 2106 12

327 2407 398 2469 13

331 2673 402 2731 14

448 1860 733 1915 Liberum
752 1860 773 1881 *
800 1860 970 1930 prius
998 1860 1226 1916 dicatos
1267 1860 1484 1933 deos¹⁸,
1516 1876 1685 1932 quam
1715 1860 2052 1915 vicissent¹⁰
2081 1875 2276 1916 secum
2297 1856 2370 1909 vi-

449 1950 713 2005 ventium
760 1950 1082 2008 invidiam:
1133 1950 1475 2017 tantundem
1535 1964 1770 2025 quoque
1823 1953 2101 2021 posteros
2145 1948 2367 2013 credere,

450 2043 730 2110 quantum
776 2056 1051 2112 praesens
1092 2043 1238 2094 aetas
1297 2039 1743 2111 spopondisset.
1775 2040 1999 2106 Quodsi
2029 2040 2203 2097 ceteri
2242 2035 2372 2091 dubi·

448 2131 593 2199 tent,
625 2129 1023 2198 semetipsum,
1049 2145 1180 2183 cum
1210 2143 1316 2185 rex
1343 2128 1556 2187 inisset
1583 2129 1944 2201 convivium,
1976 2130 2370 2200 prostraturum

447 2217 611 2273 humi
639 2233 881 2288 corpus,
925 2218 1151 2274 Debere
1180 2218 1337 2273 idem
1366 2218 1561 2279 facere
1599 2221 1855 2288 ceteroS,
1885 2221 1941 2289 et
1971 2220 2035 2275 in
2070 2218 2267 2290 primis
2291 2228 2368 2268 sa·

449 2306 668 2378 pientia
695 2308 971 2378 praeditos
994 2322 1008 2361 ε
1034 2309 1106 2364 ab
1144 2308 1269 2362 illis
1300 2308 1456 2369 enim
1476 2307 1674 2363 cultus
1701 2309 1764 2363 in
1793 2308 2050 2379 regem¹⁷
2080 2304 2372 2377 exemplum

451 2410 591 2450 esse
609 2396 994 2466 prodendum.
1012 2418 1037 2445 »
1056 2395 1227 2451 Haud
1247 2395 1533 2466 perplexe
1550 2396 1612 2449 in
1627 2394 2031 2453 Callisthenen
2044 2393 2372 2469 dirigebatur

453 2485 665 2543 oratio.
694 2485 965 2541 Gravitas
1007 2486 1124 2539 viri
1153 2487 1210 2540 et
1245 2475 1519 2556 prompta
1549 2485 1844 2541 libertas¹⁸
1872 2486 2071 2542 invisa
2101 2488 2218 2540 erat
2240 2478 2369 2550 regi,

452 2575 623 2644 quasi
652 2575 817 2633 solus
846 2574 1194 2656 Macedonas
1222 2577 1467 2644 paratos
1510 2575 1582 2628 ad
1611 2574 1724 2629 tale
1763 2573 2113 2645 obsequium
2136 2582 2370 2629 morare·

453 2665 566 2717 tur.
598 2664 659 2718 Is
688 2667 825 2733 tum,
858 2663 1094 2718 silentio
1127 2663 1300 2733 facto,
1334 2679 1516 2717 unum
1555 2664 1721 2717 illum
1752 2664 2116 2719 intuentibus
2147 2658 2331 2717 ceteris
2358 2670 2371 2707 ε

525 2773 553 2801 α
585 2751 648 2808 Si
675 2768 804 2821 rex,
834 2752 1042 2822 inquit,
1086 2751 1350 2806 sermoni
1394 2752 1496 2827 tuo
1536 2751 1844 2820 adfuisset,
1888 2752 2108 2806 nullius
2143 2746 2371 2821 profecto

451 2855 572 2895 vox
597 2842 952 2913 responsuri
974 2840 1086 2899 tibi
1122 2838 1595 2897 desideraretur:
1627 2842 1759 2913 ipse
1798 2842 1958 2897 enim
1991 2840 2295 2914 peteretne
2318 2834 2373 2887 in

449 2931 804 3003 peregrinos
832 2932 1226 3001 externosque
1256 2929 1409 2987 ritus
1439 2930 1801 3002 degenerare
1830 2946 1899 2986 se
1946 2945 2203 3003 cogeres,
2245 2937 2369 2986 neu,

449 3019 631 3074 rebus
646 3020 990 3076 felicissime
1005 3020 1217 3093 gestie,
1234 3019 1518 3076 invidiam
1532 3020 1636 3074 tali
1650 3020 1983 3077 adulatione
2000 3016 2369 3077 contraheres·

504 3272 576 3317 13.
614 3268 768 3312 Cetera
786 3280 902 3324 pour
920 3267 1034 3315 alia.

503 3330 571 3371 14.
604 3328 765 3378 Quibus
783 3341 839 3370 au
863 3328 979 3371 datis
984 3360 996 3371 .

506 3392 579 3431 15.
611 3387 794 3429 Dicatos
822 3387 943 3439 deos,
968 3389 1208 3443 poetique.

502 3441 582 3490 36.
617 3446 881 3499 Priusquam
908 3447 1137 3493 vicissent.
1167 3455 1227 3496 Le
1248 3453 1520 3511 subjonctis,
1545 3453 1610 3498 cf.
1642 3457 1718 3510 111,
1734 3464 1815 3510 vn,
1836 3459 1945 3501 note
1962 3460 2027 3500 26.

506 3511 579 3549 17.
616 3506 773 3573 Qun-5
799 3507 848 3549 in
874 3518 1030 3560 neem,
1051 3516 1365 3559 construction
1397 3529 1489 3560 non
1518 3516 1764 3571 classique.

505 3570 578 3611 18.
614 3565 832 3618 laborm-5,
856 3565 1144 3615 &esua-dire
1164 3573 1345 3620 liberta,
1362 3577 1555 3624 ascendi,
