<?xml version="1.0" encoding="UTF-8"?>
<!DOCTYPE html PUBLIC "-//W3C//DTD XHTML 1.0 Transitional//EN"
    "http://www.w3.org/TR/xhtml1/DTD/xhtml1-transitional.dtd">
<html xmlns="http://www.w3.org/1999/xhtml" xml:lang="en" lang="en">
 <head>
  <title>
</title>
<meta http-equiv="Content-Type" content="text/html;charset=utf-8" />
  <meta name='ocr-system' content='tesseract 3.04.00' />
  <meta name='ocr-capabilities' content='ocr_page ocr_carea ocr_par ocr_line ocrx_word'/>
</head>
<body>
  <div class='ocr_page' id='page_1' title='image "./qcurtirufihisto00brelgoog_0323.png"; bbox 0 0 2517 3975; ppageno 0'>
   <div class='ocr_carea' id='block_1_1' title="bbox 616 229 2112 299">
    <p class='ocr_par' dir='ltr' id='par_1_1' title="bbox 616 229 2112 299">
     <span class='ocr_line' id='line_1_1' title="bbox 616 229 2112 299; baseline 0.002 -14"><span class='ocrx_word' id='word_1_1' title='bbox 616 245 1005 287; x_wconf 75' lang='lat' dir='ltr'>meronmum</span> <span class='ocrx_word' id='word_1_2' title='bbox 1037 246 1373 289; x_wconf 71' lang='lat' dir='ltr'>Amxmm</span> <span class='ocrx_word' id='word_1_3' title='bbox 1406 248 1536 299; x_wconf 84' lang='lat' dir='ltr'>vm,</span> <span class='ocrx_word' id='word_1_4' title='bbox 1564 249 1649 289; x_wconf 83' lang='lat' dir='ltr'>v1.</span> <span class='ocrx_word' id='word_1_5' title='bbox 2001 229 2112 288; x_wconf 73' lang='lat'>283</span> 
     </span>
    </p>
   </div>
   <div class='ocr_carea' id='block_1_2' title="bbox 76 354 2116 3004">
    <p class='ocr_par' dir='ltr' id='par_1_2' title="bbox 170 354 2116 516">
     <span class='ocr_line' id='line_1_2' title="bbox 174 354 2116 430; baseline 0.003 -21"><span class='ocrx_word' id='word_1_6' title='bbox 174 354 457 424; x_wconf 87' lang='lat' dir='ltr'>pervenit;</span> <span class='ocrx_word' id='word_1_7' title='bbox 481 355 857 428; x_wconf 79' lang='lat' dir='ltr'>excitatisque</span> <span class='ocrx_word' id='word_1_8' title='bbox 882 356 1227 413; x_wconf 85' lang='lat' dir='ltr'>custodibus</span> <span class='ocrx_word' id='word_1_9' title='bbox 1243 358 1564 429; x_wconf 85' lang='lat' dir='ltr'>corporis*,</span> <span class='ocrx_word' id='word_1_10' title='bbox 1585 357 1657 412; x_wconf 88' lang='lat' dir='ltr'>ad</span> <span class='ocrx_word' id='word_1_11' title='bbox 1680 357 1924 416; x_wconf 85' lang='lat' dir='ltr'>salutem</span> <span class='ocrx_word' id='word_1_12' title='bbox 1943 357 2116 430; x_wconf 65' lang='lat' dir='ltr'>regis</span> 
     </span>
     <span class='ocr_line' id='line_1_3' title="bbox 170 442 1224 516; baseline 0.003 -18"><span class='ocrx_word' id='word_1_13' title='bbox 170 442 473 514; x_wconf 86' lang='lat' dir='ltr'>pertinere,</span> <span class='ocrx_word' id='word_1_14' title='bbox 506 461 629 516; x_wconf 85' lang='lat' dir='ltr'>quae</span> <span class='ocrx_word' id='word_1_15' title='bbox 656 445 916 512; x_wconf 80' lang='lat' dir='ltr'>afferret,</span> <span class='ocrx_word' id='word_1_16' title='bbox 950 444 1224 501; x_wconf 86' lang='lat' dir='ltr'>affirmat.</span> 
     </span>
    </p>

    <p class='ocr_par' dir='ltr' id='par_1_3' title="bbox 159 523 2114 1570">
     <span class='ocr_line' id='line_1_4' title="bbox 234 523 2113 604; baseline 0.002 -18"><span class='ocrx_word' id='word_1_17' title='bbox 234 523 303 586; x_wconf 83' lang='lat' dir='ltr'>Et</span> <span class='ocrx_word' id='word_1_18' title='bbox 330 534 558 602; x_wconf 85' lang='lat' dir='ltr'>tempus</span> <span class='ocrx_word' id='word_1_19' title='bbox 586 549 700 604; x_wconf 88' lang='lat' dir='ltr'>quo</span> <span class='ocrx_word' id='word_1_20' title='bbox 733 539 1034 602; x_wconf 84' lang='lat' dir='ltr'>venerant,</span> <span class='ocrx_word' id='word_1_21' title='bbox 1058 534 1114 588; x_wconf 88' lang='lat' dir='ltr'>et</span> <span class='ocrx_word' id='word_1_22' title='bbox 1131 535 1334 588; x_wconf 87' lang='lat' dir='ltr'>vultus</span> <span class='ocrx_word' id='word_1_23' title='bbox 1353 533 1508 588; x_wconf 85' lang='lat' dir='ltr'>haud</span> <span class='ocrx_word' id='word_1_24' title='bbox 1539 549 1682 589; x_wconf 89' lang='lat' dir='ltr'>sane</span> <span class='ocrx_word' id='word_1_25' title='bbox 1711 535 1909 589; x_wconf 89' lang='lat' dir='ltr'>securi</span> <span class='ocrx_word' id='word_1_26' title='bbox 1933 535 2113 589; x_wconf 85' lang='lat' dir='ltr'>animi</span> 
     </span>
     <span class='ocr_line' id='line_1_5' title="bbox 167 620 2111 700; baseline 0.002 -26"><span class='ocrx_word' id='word_1_27' title='bbox 167 620 353 689; x_wconf 87' lang='lat' dir='ltr'>index,</span> <span class='ocrx_word' id='word_1_28' title='bbox 375 623 433 675; x_wconf 79' lang='lat' dir='ltr'>e‘t</span> <span class='ocrx_word' id='word_1_29' title='bbox 456 623 728 676; x_wconf 81' lang='lat' dir='ltr'>maestitia</span> <span class='ocrx_word' id='word_1_30' title='bbox 758 637 790 676; x_wconf 90' lang='grc'><strong>6</strong></span> <span class='ocrx_word' id='word_1_31' title='bbox 821 622 1057 700; x_wconf 82' lang='lat' dir='ltr'>duobus</span> <span class='ocrx_word' id='word_1_32' title='bbox 1095 623 1361 690; x_wconf 81' lang='lat' dir='ltr'>alteriue,</span> <span class='ocrx_word' id='word_1_33' title='bbox 1395 623 1771 691; x_wconf 61' lang='lat' dir='ltr'>Ptolemaeum</span> <span class='ocrx_word' id='word_1_34' title='bbox 1808 637 1874 679; x_wconf 85' lang='lat' dir='ltr'>ac</span> <span class='ocrx_word' id='word_1_35' title='bbox 1913 624 2111 678; x_wconf 66' lang='lat' dir='ltr'>Leon-³</span> 
     </span>
     <span class='ocr_line' id='line_1_6' title="bbox 168 710 2110 783; baseline 0.003 -21"><span class='ocrx_word' id='word_1_36' title='bbox 168 715 354 763; x_wconf 84' lang='lat' dir='ltr'>natum</span> <span class='ocrx_word' id='word_1_37' title='bbox 377 710 736 765; x_wconf 79' lang='lat' dir='ltr'>excubantes</span> <span class='ocrx_word' id='word_1_38' title='bbox 774 711 848 766; x_wconf 86' lang='lat' dir='ltr'>ad</span> <span class='ocrx_word' id='word_1_39' title='bbox 887 711 1145 767; x_wconf 84' lang='lat' dir='ltr'>cubiculi</span> <span class='ocrx_word' id='word_1_40' title='bbox 1186 712 1367 767; x_wconf 90' lang='lat' dir='ltr'>limen</span> <span class='ocrx_word' id='word_1_41' title='bbox 1416 711 1843 767; x_wconf 86' lang='lat' dir='ltr'>excitaverunt.</span> <span class='ocrx_word' id='word_1_42' title='bbox 1885 712 2110 783; x_wconf 87' lang='lat' dir='ltr'>Itaque,</span> 
     </span>
     <span class='ocr_line' id='line_1_7' title="bbox 170 799 2112 871; baseline 0.001 -18"><span class='ocrx_word' id='word_1_43' title='bbox 170 801 371 869; x_wconf 87' lang='lat' dir='ltr'>apertis</span> <span class='ocrx_word' id='word_1_44' title='bbox 400 800 635 855; x_wconf 82' lang='lat' dir='ltr'>foribus</span> <span class='ocrx_word' id='word_1_45' title='bbox 663 803 720 856; x_wconf 90' lang='lat' dir='ltr'>et</span> <span class='ocrx_word' id='word_1_46' title='bbox 765 799 1002 856; x_wconf 90' lang='lat' dir='ltr'>lumine.</span> <span class='ocrx_word' id='word_1_47' title='bbox 1036 801 1219 869; x_wconf 86' lang='lat' dir='ltr'>illato,</span> <span class='ocrx_word' id='word_1_48' title='bbox 1272 802 1533 871; x_wconf 88' lang='lat' dir='ltr'>sopitum</span> <span class='ocrx_word' id='word_1_49' title='bbox 1578 815 1737 856; x_wconf 90' lang='lat' dir='ltr'>mero</span> <span class='ocrx_word' id='word_1_50' title='bbox 1790 817 1857 856; x_wconf 89' lang='lat' dir='ltr'>ac</span> <span class='ocrx_word' id='word_1_51' title='bbox 1902 809 2112 857; x_wconf 81' lang='lat' dir='ltr'>somno</span> 
     </span>
     <span class='ocr_line' id='line_1_8' title="bbox 168 881 2114 964; baseline 0.002 -23"><span class='ocrx_word' id='word_1_52' title='bbox 168 888 404 943; x_wconf 87' lang='lat' dir='ltr'>excitant</span> <span class='ocrx_word' id='word_1_53' title='bbox 430 905 653 961; x_wconf 83' lang='lat' dir='ltr'>regem.</span> <span class='ocrx_word' id='word_1_54' title='bbox 685 887 811 956; x_wconf 89' lang='lat' dir='ltr'>Ille,</span> <span class='ocrx_word' id='word_1_55' title='bbox 843 889 1122 959; x_wconf 83' lang='lat' dir='ltr'>paulatim</span> <span class='ocrx_word' id='word_1_56' title='bbox 1150 892 1347 964; x_wconf 85' lang='lat' dir='ltr'>mente</span> <span class='ocrx_word' id='word_1_57' title='bbox 1377 889 1643 957; x_wconf 86' lang='lat' dir='ltr'>collecta,</span> <span class='ocrx_word' id='word_1_58' title='bbox 1665 890 1804 961; x_wconf 90' lang='lat' dir='ltr'>quid</span> <span class='ocrx_word' id='word_1_59' title='bbox 1832 881 2114 944; x_wconf 78' lang='lat' dir='ltr'>afferrent</span> 
     </span>
     <span class='ocr_line' id='line_1_9' title="bbox 166 976 2110 1051; baseline 0.003 -22"><span class='ocrx_word' id='word_1_60' title='bbox 166 976 473 1051; x_wconf 86' lang='lat' dir='ltr'>interrogat</span> <span class='ocrx_word' id='word_1_61' title='bbox 490 979 551 1034; x_wconf 82' lang='lat'>¹⁸.</span> <span class='ocrx_word' id='word_1_62' title='bbox 584 978 708 1033; x_wconf 90' lang='lat' dir='ltr'>Nec</span> <span class='ocrx_word' id='word_1_63' title='bbox 733 980 1043 1033; x_wconf 84' lang='lat' dir='ltr'>cunctatus</span> <span class='ocrx_word' id='word_1_64' title='bbox 1072 977 1447 1050; x_wconf 75' lang='lat' dir='ltr'>Eurylochus</span> <span class='ocrx_word' id='word_1_65' title='bbox 1482 995 1508 1031; x_wconf 70' lang='grc' dir='ltr'><strong><em>ι</em></strong></span> <span class='ocrx_word' id='word_1_66' title='bbox 1540 994 1658 1034; x_wconf 90' lang='lat' dir='ltr'>non</span> <span class='ocrx_word' id='word_1_67' title='bbox 1690 995 1763 1034; x_wconf 87' lang='lat' dir='ltr'>ex</span> <span class='ocrx_word' id='word_1_68' title='bbox 1792 982 1911 1034; x_wconf 86' lang='lat' dir='ltr'>toto</span> <span class='ocrx_word' id='word_1_69' title='bbox 1931 980 1971 1007; x_wconf 80' lang='lat'>¹⁰</span> <span class='ocrx_word' id='word_1_70' title='bbox 1999 979 2110 1034; x_wconf 91' lang='lat' dir='ltr'>do-</span> 
     </span>
     <span class='ocr_line' id='line_1_10' title="bbox 165 1067 2113 1140; baseline 0.001 -21"><span class='ocrx_word' id='word_1_71' title='bbox 165 1080 309 1120; x_wconf 89' lang='lat' dir='ltr'>mum</span> <span class='ocrx_word' id='word_1_72' title='bbox 340 1084 510 1122; x_wconf 89' lang='lat' dir='ltr'>suam</span> <span class='ocrx_word' id='word_1_73' title='bbox 528 1067 797 1122; x_wconf 83' lang='lat' dir='ltr'>aversari</span> <span class='ocrx_word' id='word_1_74' title='bbox 825 1068 968 1122; x_wconf 89' lang='lat' dir='ltr'>deos</span> <span class='ocrx_word' id='word_1_75' title='bbox 984 1067 1151 1136; x_wconf 84' lang='lat' dir='ltr'>dixit,</span> <span class='ocrx_word' id='word_1_76' title='bbox 1174 1069 1312 1140; x_wconf 90' lang='lat' dir='ltr'>quia</span> <span class='ocrx_word' id='word_1_77' title='bbox 1327 1067 1508 1122; x_wconf 89' lang='lat' dir='ltr'>frater</span> <span class='ocrx_word' id='word_1_78' title='bbox 1526 1068 1740 1140; x_wconf 78' lang='lat' dir='ltr'>ipsiuS,</span> <span class='ocrx_word' id='word_1_79' title='bbox 1763 1083 2113 1140; x_wconf 86' lang='lat' dir='ltr'>quamquam</span> 
     </span>
     <span class='ocr_line' id='line_1_11' title="bbox 166 1155 2112 1229; baseline 0.002 -21"><span class='ocrx_word' id='word_1_80' title='bbox 166 1155 392 1226; x_wconf 89' lang='lat' dir='ltr'>impium</span> <span class='ocrx_word' id='word_1_81' title='bbox 432 1157 668 1212; x_wconf 88' lang='lat' dir='ltr'>facinus</span> <span class='ocrx_word' id='word_1_82' title='bbox 714 1172 898 1211; x_wconf 84' lang='lat' dir='ltr'>ausus</span> <span class='ocrx_word' id='word_1_83' title='bbox 945 1156 1115 1226; x_wconf 88' lang='lat' dir='ltr'>foret,</span> <span class='ocrx_word' id='word_1_84' title='bbox 1166 1160 1362 1212; x_wconf 86' lang='lat' dir='ltr'>tamen</span> <span class='ocrx_word' id='word_1_85' title='bbox 1413 1161 1470 1210; x_wconf 88' lang='lat' dir='ltr'>et</span> <span class='ocrx_word' id='word_1_86' title='bbox 1520 1157 1924 1228; x_wconf 84' lang='lat' dir='ltr'>paenitentiam</span> <span class='ocrx_word' id='word_1_87' title='bbox 1978 1157 2112 1229; x_wconf 82' lang='lat' dir='ltr'>ejus</span> 
     </span>
     <span class='ocr_line' id='line_1_12' title="bbox 164 1244 2114 1318; baseline 0 -17"><span class='ocrx_word' id='word_1_88' title='bbox 164 1248 348 1318; x_wconf 83' lang='lat' dir='ltr'>ageret</span> <span class='ocrx_word' id='word_1_89' title='bbox 375 1247 414 1275; x_wconf 86' lang='lat'>¹⁷</span> <span class='ocrx_word' id='word_1_90' title='bbox 459 1250 517 1302; x_wconf 90' lang='lat' dir='ltr'>et</span> <span class='ocrx_word' id='word_1_91' title='bbox 573 1261 680 1317; x_wconf 91' lang='lat' dir='ltr'>per</span> <span class='ocrx_word' id='word_1_92' title='bbox 726 1261 793 1301; x_wconf 89' lang='lat' dir='ltr'>se</span> <span class='ocrx_word' id='word_1_93' title='bbox 847 1246 1220 1317; x_wconf 87' lang='lat' dir='ltr'>potissimum</span> <span class='ocrx_word' id='word_1_94' title='bbox 1271 1244 1649 1316; x_wconf 85' lang='lat' dir='ltr'>profiteretur</span> <span class='ocrx_word' id='word_1_95' title='bbox 1695 1246 1999 1302; x_wconf 88' lang='lat' dir='ltr'>indicium.</span> <span class='ocrx_word' id='word_1_96' title='bbox 2047 1247 2114 1301; x_wconf 93' lang='lat' dir='ltr'>In</span> 
     </span>
     <span class='ocr_line' id='line_1_13' title="bbox 165 1333 2113 1406; baseline 0 -17"><span class='ocrx_word' id='word_1_97' title='bbox 165 1350 277 1389; x_wconf 85' lang='lat' dir='ltr'>eam</span> <span class='ocrx_word' id='word_1_98' title='bbox 322 1336 519 1404; x_wconf 85' lang='lat' dir='ltr'>ipsam</span> <span class='ocrx_word' id='word_1_99' title='bbox 563 1338 815 1401; x_wconf 88' lang='lat' dir='ltr'>noctem,</span> <span class='ocrx_word' id='word_1_100' title='bbox 861 1349 992 1404; x_wconf 86' lang='lat' dir='ltr'>quae</span> <span class='ocrx_word' id='word_1_101' title='bbox 1039 1333 1380 1403; x_wconf 79' lang='lat' dir='ltr'>decederet,</span> <span class='ocrx_word' id='word_1_102' title='bbox 1439 1334 1691 1388; x_wconf 89' lang='lat' dir='ltr'>insidias</span> <span class='ocrx_word' id='word_1_103' title='bbox 1741 1338 2113 1406; x_wconf 86' lang='lat' dir='ltr'>comparatas</span> 
     </span>
     <span class='ocr_line' id='line_1_14' title="bbox 160 1416 2114 1493; baseline 0.001 -16"><span class='ocrx_word' id='word_1_104' title='bbox 160 1421 362 1489; x_wconf 80' lang='lat' dir='ltr'>fuisse3</span> <span class='ocrx_word' id='word_1_105' title='bbox 383 1422 715 1479; x_wconf 79' lang='lat' dir='ltr'>auctores¹⁸</span> <span class='ocrx_word' id='word_1_106' title='bbox 735 1422 976 1478; x_wconf 84' lang='lat' dir='ltr'>scelesti</span> <span class='ocrx_word' id='word_1_107' title='bbox 996 1421 1226 1477; x_wconf 90' lang='lat' dir='ltr'>consilii</span> <span class='ocrx_word' id='word_1_108' title='bbox 1251 1438 1387 1477; x_wconf 89' lang='lat' dir='ltr'>esse</span> <span class='ocrx_word' id='word_1_109' title='bbox 1417 1438 1566 1493; x_wconf 90' lang='lat' dir='ltr'>quos</span> <span class='ocrx_word' id='word_1_110' title='bbox 1594 1416 1830 1478; x_wconf 81' lang='lat' dir='ltr'>minime</span> <span class='ocrx_word' id='word_1_111' title='bbox 1851 1423 2114 1478; x_wconf 87' lang='lat' dir='ltr'>crederet</span> 
     </span>
     <span class='ocr_line' id='line_1_15' title="bbox 159 1526 320 1570; baseline -0.019 -6"><span class='ocrx_word' id='word_1_112' title='bbox 159 1526 254 1565; x_wconf 74' lang='lat' dir='ltr'>rex</span> <span class='ocrx_word' id='word_1_113' title='bbox 274 1534 320 1570; x_wconf 71' lang='lat' dir='ltr'>n,</span> 
     </span>
    </p>

    <p class='ocr_par' dir='ltr' id='par_1_4' title="bbox 76 1600 2115 3004">
     <span class='ocr_line' id='line_1_16' title="bbox 220 1600 2108 1673; baseline 0.001 -18"><span class='ocrx_word' id='word_1_114' title='bbox 220 1600 358 1657; x_wconf 92' lang='lat' dir='ltr'>Tum</span> <span class='ocrx_word' id='word_1_115' title='bbox 404 1600 731 1673; x_wconf 88' lang='lat' dir='ltr'>Epimenes</span> <span class='ocrx_word' id='word_1_116' title='bbox 777 1602 986 1655; x_wconf 87' lang='lat' dir='ltr'>cuncta</span> <span class='ocrx_word' id='word_1_117' title='bbox 1035 1600 1265 1669; x_wconf 80' lang='lat' dir='ltr'>ordine,</span> <span class='ocrx_word' id='word_1_118' title='bbox 1307 1601 1801 1672; x_wconf 86' lang='lat' dir='ltr'>consciorumque</span> <span class='ocrx_word' id='word_1_119' title='bbox 1848 1600 2108 1667; x_wconf 84' lang='lat' dir='ltr'>nomina,</span> 
     </span>
     <span class='ocr_line' id='line_1_17' title="bbox 160 1687 2112 1760; baseline 0.001 -17"><span class='ocrx_word' id='word_1_120' title='bbox 160 1691 402 1760; x_wconf 83' lang='lat' dir='ltr'>exponit.</span> <span class='ocrx_word' id='word_1_121' title='bbox 422 1687 826 1745; x_wconf 86' lang='lat' dir='ltr'>Callisthenen</span> <span class='ocrx_word' id='word_1_122' title='bbox 846 1705 967 1743; x_wconf 90' lang='lat' dir='ltr'>non</span> <span class='ocrx_word' id='word_1_123' title='bbox 986 1691 1050 1742; x_wconf 94' lang='lat' dir='ltr'>ut</span> <span class='ocrx_word' id='word_1_124' title='bbox 1068 1689 1413 1759; x_wconf 88' lang='lat' dir='ltr'>participem</span> <span class='ocrx_word' id='word_1_125' title='bbox 1435 1689 1721 1744; x_wconf 78' lang='lat' dir='ltr'>facinoris</span> <span class='ocrx_word' id='word_1_126' title='bbox 1748 1691 2112 1745; x_wconf 87' lang='lat' dir='ltr'>nominatum</span> 
     </span>
     <span class='ocr_line' id='line_1_18' title="bbox 159 1777 2110 1848; baseline 0.001 -16"><span class='ocrx_word' id='word_1_127' title='bbox 159 1792 286 1835; x_wconf 89' lang='lat' dir='ltr'>esse</span> <span class='ocrx_word' id='word_1_128' title='bbox 324 1778 655 1846; x_wconf 83' lang='lat' dir='ltr'>constabat,</span> <span class='ocrx_word' id='word_1_129' title='bbox 706 1778 808 1833; x_wconf 92' lang='lat' dir='ltr'>sed</span> <span class='ocrx_word' id='word_1_130' title='bbox 858 1778 1094 1833; x_wconf 90' lang='lat' dir='ltr'>solitum</span> <span class='ocrx_word' id='word_1_131' title='bbox 1135 1777 1497 1848; x_wconf 78' lang='lat' dir='ltr'>puerorum*</span> <span class='ocrx_word' id='word_1_132' title='bbox 1535 1778 1908 1833; x_wconf 86' lang='lat' dir='ltr'>sermonibus</span> <span class='ocrx_word' id='word_1_133' title='bbox 1950 1779 2110 1833; x_wconf 87' lang='lat' dir='ltr'>vitu-</span> 
     </span>
     <span class='ocr_line' id='line_1_19' title="bbox 157 1863 2108 1939; baseline 0.001 -17"><span class='ocrx_word' id='word_1_134' title='bbox 157 1870 472 1936; x_wconf 88' lang='lat' dir='ltr'>perantium</span> <span class='ocrx_word' id='word_1_135' title='bbox 504 1867 1058 1939; x_wconf 87' lang='lat' dir='ltr'>criminantiumque</span> <span class='ocrx_word' id='word_1_136' title='bbox 1105 1882 1309 1939; x_wconf 80' lang='lat' dir='ltr'>regem</span> <span class='ocrx_word' id='word_1_137' title='bbox 1359 1863 1560 1922; x_wconf 78' lang='lat' dir='ltr'>faciles</span> <span class='ocrx_word' id='word_1_138' title='bbox 1610 1881 1784 1922; x_wconf 88' lang='lat' dir='ltr'>aures</span> <span class='ocrx_word' id='word_1_139' title='bbox 1825 1867 2108 1937; x_wconf 81' lang='lat' dir='ltr'>praebere.</span> 
     </span>
     <span class='ocr_line' id='line_1_20' title="bbox 159 1953 2111 2028; baseline 0 -16"><span class='ocrx_word' id='word_1_140' title='bbox 159 1953 390 2022; x_wconf 86' lang='lat' dir='ltr'>Quidam</span> <span class='ocrx_word' id='word_1_141' title='bbox 449 1954 780 2028; x_wconf 79' lang='lat' dir='ltr'>adjiciunt,</span> <span class='ocrx_word' id='word_1_142' title='bbox 838 1971 967 2010; x_wconf 90' lang='lat' dir='ltr'>cum</span> <span class='ocrx_word' id='word_1_143' title='bbox 1035 1953 1394 2011; x_wconf 81' lang='lat' dir='ltr'>Hermolaus</span> <span class='ocrx_word' id='word_1_144' title='bbox 1458 1955 1616 2026; x_wconf 87' lang='lat' dir='ltr'>apud</span> <span class='ocrx_word' id='word_1_145' title='bbox 1682 1972 1816 2012; x_wconf 91' lang='lat' dir='ltr'>eum</span> <span class='ocrx_word' id='word_1_146' title='bbox 1878 1969 2111 2027; x_wconf 87' lang='lat' dir='ltr'>quoque</span> 
     </span>
     <span class='ocr_line' id='line_1_21' title="bbox 157 2044 2109 2115; baseline 0 -16"><span class='ocrx_word' id='word_1_147' title='bbox 157 2046 525 2103; x_wconf 82' lang='lat' dir='ltr'>verberatum</span> <span class='ocrx_word' id='word_1_148' title='bbox 571 2061 636 2100; x_wconf 87' lang='lat' dir='ltr'>se</span> <span class='ocrx_word' id='word_1_149' title='bbox 682 2061 716 2099; x_wconf 88' lang='lat' dir='ltr'>a</span> <span class='ocrx_word' id='word_1_150' title='bbox 773 2058 917 2113; x_wconf 86' lang='lat' dir='ltr'>rege</span> <span class='ocrx_word' id='word_1_151' title='bbox 976 2047 1349 2115; x_wconf 86' lang='lat' dir='ltr'>quereretur,</span> <span class='ocrx_word' id='word_1_152' title='bbox 1410 2044 1639 2099; x_wconf 84' lang='lat' dir='ltr'>dixisse</span> <span class='ocrx_word' id='word_1_153' title='bbox 1687 2045 2109 2114; x_wconf 83' lang='lat' dir='ltr'>Callisthenen,</span> 
     </span>
     <span class='ocr_line' id='line_1_22' title="bbox 157 2132 2113 2205; baseline -0.001 -17"><span class='ocrx_word' id='word_1_154' title='bbox 157 2136 497 2189; x_wconf 88' lang='lat' dir='ltr'>meminisse</span> <span class='ocrx_word' id='word_1_155' title='bbox 539 2133 754 2189; x_wconf 86' lang='lat' dir='ltr'>debere</span> <span class='ocrx_word' id='word_1_156' title='bbox 801 2149 903 2189; x_wconf 90' lang='lat' dir='ltr'>eos</span> <span class='ocrx_word' id='word_1_157' title='bbox 943 2132 1069 2205; x_wconf 79' lang='lat' dir='ltr'>jam</span> <span class='ocrx_word' id='word_1_158' title='bbox 1125 2133 1292 2187; x_wconf 84' lang='lat' dir='ltr'>viros</span> <span class='ocrx_word' id='word_1_159' title='bbox 1339 2148 1512 2187; x_wconf 87' lang='lat' dir='ltr'>esse:</span> <span class='ocrx_word' id='word_1_160' title='bbox 1564 2132 1740 2205; x_wconf 91' lang='lat' dir='ltr'>idque</span> <span class='ocrx_word' id='word_1_161' title='bbox 1789 2133 1861 2187; x_wconf 89' lang='lat' dir='ltr'>ad</span> <span class='ocrx_word' id='word_1_162' title='bbox 1897 2148 2113 2187; x_wconf 91' lang='lat' dir='ltr'>conso-</span> 
     </span>
     <span class='ocr_line' id='line_1_23' title="bbox 157 2214 2109 2292; baseline 0.001 -18"><span class='ocrx_word' id='word_1_163' title='bbox 157 2221 377 2278; x_wconf 86' lang='lat' dir='ltr'>landam</span> <span class='ocrx_word' id='word_1_164' title='bbox 410 2223 452 2250; x_wconf 83' lang='lat'>¹⁹</span> <span class='ocrx_word' id='word_1_165' title='bbox 498 2221 838 2292; x_wconf 88' lang='lat' dir='ltr'>patientiam</span> <span class='ocrx_word' id='word_1_166' title='bbox 892 2218 1232 2290; x_wconf 80' lang='lat' dir='ltr'>verberum,</span> <span class='ocrx_word' id='word_1_167' title='bbox 1282 2236 1356 2274; x_wconf 88' lang='lat' dir='ltr'>an</span> <span class='ocrx_word' id='word_1_168' title='bbox 1410 2216 1482 2274; x_wconf 90' lang='lat' dir='ltr'>ad</span> <span class='ocrx_word' id='word_1_169' title='bbox 1528 2219 1894 2275; x_wconf 85' lang='lat' dir='ltr'>incitandum</span> <span class='ocrx_word' id='word_1_170' title='bbox 1930 2214 2109 2292; x_wconf 81' lang='lat' dir='ltr'>juve-</span> 
     </span>
     <span class='ocr_line' id='line_1_24' title="bbox 156 2309 2109 2381; baseline 0 -19"><span class='ocrx_word' id='word_1_171' title='bbox 156 2314 325 2364; x_wconf 75' lang='lat' dir='ltr'>num&#39;</span> <span class='ocrx_word' id='word_1_172' title='bbox 364 2312 634 2367; x_wconf 86' lang='lat' dir='ltr'>dolorem</span> <span class='ocrx_word' id='word_1_173' title='bbox 687 2310 902 2364; x_wconf 89' lang='lat' dir='ltr'>dietum</span> <span class='ocrx_word' id='word_1_174' title='bbox 950 2313 1138 2377; x_wconf 89' lang='lat' dir='ltr'>esset,</span> <span class='ocrx_word' id='word_1_175' title='bbox 1190 2309 1253 2363; x_wconf 91' lang='lat' dir='ltr'>in</span> <span class='ocrx_word' id='word_1_176' title='bbox 1301 2309 1578 2381; x_wconf 84' lang='lat' dir='ltr'>ambiguo</span> <span class='ocrx_word' id='word_1_177' title='bbox 1628 2309 1817 2364; x_wconf 86' lang='lat' dir='ltr'>fuisse</span> <span class='ocrx_word' id='word_1_178' title='bbox 1849 2309 1908 2363; x_wconf 73' lang='lat'>²⁰.</span> <span class='ocrx_word' id='word_1_179' title='bbox 1962 2310 2109 2374; x_wconf 83' lang='lat' dir='ltr'>Rex,</span> 
     </span>
     <span class='ocr_line' id='line_1_25' title="bbox 156 2398 2109 2471; baseline 0.001 -20"><span class='ocrx_word' id='word_1_180' title='bbox 156 2399 324 2453; x_wconf 88' lang='lat' dir='ltr'>animi</span> <span class='ocrx_word' id='word_1_181' title='bbox 348 2398 743 2471; x_wconf 79' lang='lat' dir='ltr'>corporisque</span> <span class='ocrx_word' id='word_1_182' title='bbox 774 2413 986 2468; x_wconf 91' lang='lat' dir='ltr'>sopore</span> <span class='ocrx_word' id='word_1_183' title='bbox 1016 2398 1314 2463; x_wconf 84' lang='lat' dir='ltr'>discusso,</span> <span class='ocrx_word' id='word_1_184' title='bbox 1349 2414 1480 2453; x_wconf 91' lang='lat' dir='ltr'>cum</span> <span class='ocrx_word' id='word_1_185' title='bbox 1509 2399 1655 2452; x_wconf 85' lang='lat' dir='ltr'>tanti</span> <span class='ocrx_word' id='word_1_186' title='bbox 1693 2399 1961 2468; x_wconf 89' lang='lat' dir='ltr'>periculi,</span> <span class='ocrx_word' id='word_1_187' title='bbox 1994 2413 2109 2469; x_wconf 91' lang='lat' dir='ltr'>quo</span> 
     </span>
     <span class='ocr_line' id='line_1_26' title="bbox 156 2484 2114 2559; baseline 0.001 -19"><span class='ocrx_word' id='word_1_188' title='bbox 156 2497 437 2554; x_wconf 83' lang='lat' dir='ltr'>evaserat,</span> <span class='ocrx_word' id='word_1_189' title='bbox 460 2489 662 2559; x_wconf 78' lang='lat' dir='ltr'>imago</span> <span class='ocrx_word' id='word_1_190' title='bbox 695 2488 884 2542; x_wconf 90' lang='lat' dir='ltr'>oculis</span> <span class='ocrx_word' id='word_1_191' title='bbox 915 2487 1244 2556; x_wconf 89' lang='lat' dir='ltr'>oberraret,</span> <span class='ocrx_word' id='word_1_192' title='bbox 1276 2486 1671 2558; x_wconf 74' lang='lat' dir='ltr'>Eurylochum</span> <span class='ocrx_word' id='word_1_193' title='bbox 1698 2484 1739 2542; x_wconf 71' lang='lat' dir='ltr'>n</span> <span class='ocrx_word' id='word_1_194' title='bbox 1760 2486 2034 2542; x_wconf 79' lang='lat' dir='ltr'>talentis*</span> <span class='ocrx_word' id='word_1_195' title='bbox 2055 2489 2114 2541; x_wconf 87' lang='lat' dir='ltr'>et</span> 
     </span>
     <span class='ocr_line' id='line_1_27' title="bbox 155 2575 2113 2649; baseline -0.001 -18"><span class='ocrx_word' id='word_1_196' title='bbox 155 2577 458 2649; x_wconf 85' lang='lat' dir='ltr'>cujusdam</span> <span class='ocrx_word' id='word_1_197' title='bbox 489 2577 767 2633; x_wconf 80' lang='lat' dir='ltr'>Tiridatis</span> <span class='ocrx_word' id='word_1_198' title='bbox 796 2575 1093 2647; x_wconf 90' lang='lat' dir='ltr'>opulentis</span> <span class='ocrx_word' id='word_1_199' title='bbox 1117 2576 1300 2633; x_wconf 88' lang='lat' dir='ltr'>bonis</span> <span class='ocrx_word' id='word_1_200' title='bbox 1318 2577 1592 2647; x_wconf 85' lang='lat' dir='ltr'>protinus</span> <span class='ocrx_word' id='word_1_201' title='bbox 1623 2577 1816 2643; x_wconf 89' lang='lat' dir='ltr'>donat,</span> <span class='ocrx_word' id='word_1_202' title='bbox 1840 2576 2113 2630; x_wconf 81' lang='lat' dir='ltr'>fratrem-</span> 
     </span>
     <span class='ocr_line' id='line_1_28' title="bbox 157 2666 2115 2738; baseline -0.001 -16"><span class='ocrx_word' id='word_1_203' title='bbox 157 2682 281 2737; x_wconf 86' lang='lat' dir='ltr'>que,</span> <span class='ocrx_word' id='word_1_204' title='bbox 312 2670 632 2738; x_wconf 84' lang='lat' dir='ltr'>antequam</span> <span class='ocrx_word' id='word_1_205' title='bbox 660 2683 767 2737; x_wconf 91' lang='lat' dir='ltr'>pro</span> <span class='ocrx_word' id='word_1_206' title='bbox 797 2666 985 2722; x_wconf 83' lang='lat' dir='ltr'>salute</span> <span class='ocrx_word' id='word_1_207' title='bbox 1014 2666 1143 2736; x_wconf 86' lang='lat' dir='ltr'>ejus</span> <span class='ocrx_word' id='word_1_208' title='bbox 1168 2668 1512 2737; x_wconf 88' lang='lat' dir='ltr'>precaretur</span> <span class='ocrx_word' id='word_1_209' title='bbox 1525 2666 1584 2734; x_wconf 72' lang='lat'>⁸⁴,</span> <span class='ocrx_word' id='word_1_210' title='bbox 1608 2666 1885 2724; x_wconf 87' lang='lat' dir='ltr'>restituit.</span> <span class='ocrx_word' id='word_1_211' title='bbox 1916 2666 2115 2722; x_wconf 85' lang='lat' dir='ltr'>Scele-</span> 
     </span>
     <span class='ocr_line' id='line_1_29' title="bbox 155 2755 2114 2825; baseline 0 -15"><span class='ocrx_word' id='word_1_212' title='bbox 155 2756 234 2811; x_wconf 88' lang='lat' dir='ltr'>ris</span> <span class='ocrx_word' id='word_1_213' title='bbox 263 2761 463 2815; x_wconf 88' lang='lat' dir='ltr'>autem</span> <span class='ocrx_word' id='word_1_214' title='bbox 491 2759 782 2822; x_wconf 77' lang='lat' dir='ltr'>auctoreS‚</span> <span class='ocrx_word' id='word_1_215' title='bbox 813 2756 968 2810; x_wconf 91' lang='lat' dir='ltr'>inter</span> <span class='ocrx_word' id='word_1_216' title='bbox 994 2771 1144 2825; x_wconf 89' lang='lat' dir='ltr'>quos</span> <span class='ocrx_word' id='word_1_217' title='bbox 1173 2755 1589 2820; x_wconf 88' lang='lat' dir='ltr'>Callisthenen,</span> <span class='ocrx_word' id='word_1_218' title='bbox 1641 2756 1877 2810; x_wconf 83' lang='lat' dir='ltr'>vinctos</span> <span class='ocrx_word' id='word_1_219' title='bbox 1918 2771 2114 2811; x_wconf 85' lang='lat' dir='ltr'>asser-</span> 
     </span>
     <span class='ocr_line' id='line_1_30' title="bbox 76 2824 2112 2919; baseline 0.001 -22"><span class='ocrx_word' id='word_1_220' title='bbox 76 2912 81 2919; x_wconf 34' lang='lat'>·</span> <span class='ocrx_word' id='word_1_221' title='bbox 160 2846 278 2899; x_wconf 90' lang='lat' dir='ltr'>vari</span> <span class='ocrx_word' id='word_1_222' title='bbox 313 2845 519 2918; x_wconf 84' lang='lat' dir='ltr'>jubet:</span> <span class='ocrx_word' id='word_1_223' title='bbox 571 2845 785 2916; x_wconf 85' lang='lat' dir='ltr'>quibus</span> <span class='ocrx_word' id='word_1_224' title='bbox 833 2846 898 2899; x_wconf 91' lang='lat' dir='ltr'>in</span> <span class='ocrx_word' id='word_1_225' title='bbox 944 2843 1173 2916; x_wconf 81' lang='lat' dir='ltr'>regiam</span> <span class='ocrx_word' id='word_1_226' title='bbox 1215 2844 1503 2914; x_wconf 84' lang='lat' dir='ltr'>adductiS,</span> <span class='ocrx_word' id='word_1_227' title='bbox 1550 2846 1674 2900; x_wconf 86' lang='lat' dir='ltr'>toto</span> <span class='ocrx_word' id='word_1_228' title='bbox 1705 2824 1799 2898; x_wconf 78' lang='lat' dir='ltr'>die</span> <span class='ocrx_word' id='word_1_229' title='bbox 1837 2848 1893 2900; x_wconf 91' lang='lat' dir='ltr'>et</span> <span class='ocrx_word' id='word_1_230' title='bbox 1938 2848 2112 2900; x_wconf 86' lang='lat' dir='ltr'>nocte</span> 
     </span>
     <span class='ocr_line' id='line_1_31' title="bbox 154 2931 2115 3004; baseline 0.002 -19"><span class='ocrx_word' id='word_1_231' title='bbox 154 2934 440 3000; x_wconf 87' lang='lat' dir='ltr'>proxima,</span> <span class='ocrx_word' id='word_1_232' title='bbox 473 2948 636 2987; x_wconf 85' lang='lat' dir='ltr'>mero</span> <span class='ocrx_word' id='word_1_233' title='bbox 667 2948 735 2985; x_wconf 87' lang='lat' dir='ltr'>ac</span> <span class='ocrx_word' id='word_1_234' title='bbox 771 2931 1004 3002; x_wconf 83' lang='lat' dir='ltr'>vigiliis</span> <span class='ocrx_word' id='word_1_235' title='bbox 1032 2932 1237 3004; x_wconf 83' lang='lat' dir='ltr'>gravis</span> <span class='ocrx_word' id='word_1_236' title='bbox 1272 2931 1592 3004; x_wconf 82' lang='lat' dir='ltr'>adquievit.</span> <span class='ocrx_word' id='word_1_237' title='bbox 1635 2933 1881 2988; x_wconf 84' lang='lat' dir='ltr'>Postero</span> <span class='ocrx_word' id='word_1_238' title='bbox 1920 2937 2115 2990; x_wconf 67' lang='lat' dir='ltr'>autem</span> 
     </span>
    </p>
   </div>
   <div class='ocr_carea' id='block_1_3' title="bbox 156 3131 2113 3626">
    <p class='ocr_par' dir='ltr' id='par_1_5' title="bbox 156 3131 2113 3243">
     <span class='ocr_line' id='line_1_32' title="bbox 205 3131 2113 3193; baseline 0.002 -14"><span class='ocrx_word' id='word_1_239' title='bbox 205 3141 274 3180; x_wconf 75' lang='lat'>15.</span> <span class='ocrx_word' id='word_1_240' title='bbox 309 3135 426 3188; x_wconf 78' lang='lat' dir='ltr'>Quid</span> <span class='ocrx_word' id='word_1_241' title='bbox 449 3136 663 3190; x_wconf 76' lang='lat' dir='ltr'>afferrent</span> <span class='ocrx_word' id='word_1_242' title='bbox 692 3135 949 3188; x_wconf 62' lang='grc' dir='ltr'>ἐπίοι-νομαὶ.</span> <span class='ocrx_word' id='word_1_243' title='bbox 987 3134 1074 3176; x_wconf 85' lang='lat' dir='ltr'>Sur</span> <span class='ocrx_word' id='word_1_244' title='bbox 1110 3139 1234 3178; x_wconf 82' lang='lat' dir='ltr'>cette</span> <span class='ocrx_word' id='word_1_245' title='bbox 1267 3131 1545 3178; x_wconf 80' lang='lat' dir='ltr'>correlation</span> <span class='ocrx_word' id='word_1_246' title='bbox 1580 3134 1663 3179; x_wconf 84' lang='lat' dir='ltr'>des</span> <span class='ocrx_word' id='word_1_247' title='bbox 1693 3139 1862 3193; x_wconf 81' lang='lat' dir='ltr'>temps,</span> <span class='ocrx_word' id='word_1_248' title='bbox 1889 3136 1950 3183; x_wconf 77' lang='lat' dir='ltr'>cf.</span> <span class='ocrx_word' id='word_1_249' title='bbox 1977 3139 2050 3193; x_wconf 79' lang='lat' dir='ltr'>lv,</span> <span class='ocrx_word' id='word_1_250' title='bbox 2067 3147 2113 3190; x_wconf 78' lang='lat' dir='ltr'>v,</span> 
     </span>
     <span class='ocr_line' id='line_1_33' title="bbox 156 3202 348 3243; baseline 0.021 -4"><span class='ocrx_word' id='word_1_251' title='bbox 156 3203 259 3240; x_wconf 83' lang='lat' dir='ltr'>note</span> <span class='ocrx_word' id='word_1_252' title='bbox 279 3202 348 3243; x_wconf 82' lang='lat'>13.</span> 
     </span>
    </p>

    <p class='ocr_par' dir='ltr' id='par_1_6' title="bbox 205 3256 1340 3313">
     <span class='ocr_line' id='line_1_34' title="bbox 205 3256 1340 3313; baseline -0.002 -11"><span class='ocrx_word' id='word_1_253' title='bbox 205 3260 278 3304; x_wconf 87' lang='lat'>16.</span> <span class='ocrx_word' id='word_1_254' title='bbox 311 3262 381 3305; x_wconf 74' lang='lat' dir='ltr'>Ex</span> <span class='ocrx_word' id='word_1_255' title='bbox 406 3265 494 3305; x_wconf 76' lang='lat' dir='ltr'>toto</span> <span class='ocrx_word' id='word_1_256' title='bbox 514 3269 632 3313; x_wconf 87' lang='lat' dir='ltr'>pour</span> <span class='ocrx_word' id='word_1_257' title='bbox 650 3258 822 3302; x_wconf 84' lang='lat' dir='ltr'>omnino</span> <span class='ocrx_word' id='word_1_258' title='bbox 841 3256 962 3301; x_wconf 84' lang='lat' dir='ltr'>n&#39;est</span> <span class='ocrx_word' id='word_1_259' title='bbox 983 3267 1065 3310; x_wconf 82' lang='lat' dir='ltr'>pas</span> <span class='ocrx_word' id='word_1_260' title='bbox 1086 3258 1340 3311; x_wconf 85' lang='lat' dir='ltr'>classique.</span> 
     </span>
    </p>

    <p class='ocr_par' dir='ltr' id='par_1_7' title="bbox 205 3318 1636 3376">
     <span class='ocr_line' id='line_1_35' title="bbox 205 3318 1636 3376; baseline 0 -11"><span class='ocrx_word' id='word_1_261' title='bbox 205 3320 276 3368; x_wconf 80' lang='lat'>17.</span> <span class='ocrx_word' id='word_1_262' title='bbox 311 3321 621 3367; x_wconf 73' lang='lat' dir='ltr'>Paenitentiam</span> <span class='ocrx_word' id='word_1_263' title='bbox 644 3332 774 3374; x_wconf 69' lang='lat' dir='ltr'>caere</span> <span class='ocrx_word' id='word_1_264' title='bbox 798 3319 915 3365; x_wconf 76' lang='lat' dir='ltr'>n’cst</span> <span class='ocrx_word' id='word_1_265' title='bbox 936 3330 1019 3374; x_wconf 87' lang='lat' dir='ltr'>pas</span> <span class='ocrx_word' id='word_1_266' title='bbox 1044 3330 1137 3363; x_wconf 90' lang='lat' dir='ltr'>une</span> <span class='ocrx_word' id='word_1_267' title='bbox 1164 3318 1365 3363; x_wconf 86' lang='lat' dir='ltr'>locution</span> <span class='ocrx_word' id='word_1_268' title='bbox 1388 3319 1636 3376; x_wconf 81' lang='lat' dir='ltr'>classique.</span> 
     </span>
    </p>

    <p class='ocr_par' dir='ltr' id='par_1_8' title="bbox 207 3380 1393 3436">
     <span class='ocr_line' id='line_1_36' title="bbox 207 3380 1393 3436; baseline -0.003 -9"><span class='ocrx_word' id='word_1_269' title='bbox 207 3385 277 3428; x_wconf 79' lang='grc'>18.</span> <span class='ocrx_word' id='word_1_270' title='bbox 312 3385 541 3429; x_wconf 70' lang='lat' dir='ltr'>Auctor-es.</span> <span class='ocrx_word' id='word_1_271' title='bbox 572 3383 640 3434; x_wconf 82' lang='lat' dir='ltr'>ct,</span> <span class='ocrx_word' id='word_1_272' title='bbox 668 3393 753 3426; x_wconf 89' lang='lat' dir='ltr'>sur</span> <span class='ocrx_word' id='word_1_273' title='bbox 778 3392 833 3426; x_wconf 89' lang='lat' dir='ltr'>ce</span> <span class='ocrx_word' id='word_1_274' title='bbox 865 3384 1061 3436; x_wconf 76' lang='lat' dir='ltr'>mot,1v,</span> <span class='ocrx_word' id='word_1_275' title='bbox 1082 3392 1152 3434; x_wconf 83' lang='lat'>111,</span> <span class='ocrx_word' id='word_1_276' title='bbox 1174 3387 1284 3424; x_wconf 89' lang='lat' dir='ltr'>note</span> <span class='ocrx_word' id='word_1_277' title='bbox 1320 3380 1393 3425; x_wconf 70' lang='lat'>29.</span> 
     </span>
    </p>

    <p class='ocr_par' dir='ltr' id='par_1_9' title="bbox 205 3442 1368 3503">
     <span class='ocr_line' id='line_1_37' title="bbox 205 3442 1368 3503; baseline -0.002 -13"><span class='ocrx_word' id='word_1_278' title='bbox 205 3447 277 3492; x_wconf 80' lang='lat'>19.</span> <span class='ocrx_word' id='word_1_279' title='bbox 310 3446 380 3503; x_wconf 73' lang='grc' dir='ltr'>ᾼα</span> <span class='ocrx_word' id='word_1_280' title='bbox 398 3445 706 3490; x_wconf 69' lang='lat' dir='ltr'>consolandam</span> <span class='ocrx_word' id='word_1_281' title='bbox 726 3455 783 3487; x_wconf 80' lang='lat' dir='ltr'>an</span> <span class='ocrx_word' id='word_1_282' title='bbox 800 3444 905 3487; x_wconf 80' lang='lat' dir='ltr'>ad...</span> <span class='ocrx_word' id='word_1_283' title='bbox 926 3442 1098 3498; x_wconf 82' lang='lat' dir='ltr'>Ellipse</span> <span class='ocrx_word' id='word_1_284' title='bbox 1118 3443 1175 3487; x_wconf 89' lang='lat' dir='ltr'>de</span> <span class='ocrx_word' id='word_1_285' title='bbox 1202 3449 1368 3488; x_wconf 80' lang='lat' dir='ltr'>utrum.</span> 
     </span>
    </p>

    <p class='ocr_par' dir='ltr' id='par_1_10' title="bbox 205 3504 1047 3562">
     <span class='ocr_line' id='line_1_38' title="bbox 205 3504 1047 3562; baseline -0.005 -10"><span class='ocrx_word' id='word_1_286' title='bbox 205 3513 279 3552; x_wconf 70' lang='grc' dir='ltr'>ΞΟ.</span> <span class='ocrx_word' id='word_1_287' title='bbox 312 3509 365 3553; x_wconf 80' lang='lat' dir='ltr'>In</span> <span class='ocrx_word' id='word_1_288' title='bbox 383 3508 582 3562; x_wconf 70' lang='lat' dir='ltr'>ambiano</span> <span class='ocrx_word' id='word_1_289' title='bbox 604 3518 700 3550; x_wconf 71' lang='lat' dir='ltr'>esse</span> <span class='ocrx_word' id='word_1_290' title='bbox 720 3509 794 3550; x_wconf 84' lang='lat' dir='ltr'>est</span> <span class='ocrx_word' id='word_1_291' title='bbox 811 3504 1047 3560; x_wconf 77' lang='lat' dir='ltr'>poetique.</span> 
     </span>
    </p>

    <p class='ocr_par' dir='ltr' id='par_1_11' title="bbox 206 3558 1499 3626">
     <span class='ocr_line' id='line_1_39' title="bbox 206 3558 1499 3626; baseline 0.001 -11"><span class='ocrx_word' id='word_1_292' title='bbox 206 3574 280 3616; x_wconf 75' lang='lat'>21.</span> <span class='ocrx_word' id='word_1_293' title='bbox 315 3569 555 3626; x_wconf 72' lang='lat' dir='ltr'>Antequam</span> <span class='ocrx_word' id='word_1_294' title='bbox 581 3569 699 3614; x_wconf 68' lang='lat' dir='ltr'>et=le</span> <span class='ocrx_word' id='word_1_295' title='bbox 716 3567 982 3623; x_wconf 74' lang='lat' dir='ltr'>mbjohctif.</span> <span class='ocrx_word' id='word_1_296' title='bbox 1006 3566 1075 3615; x_wconf 80' lang='lat' dir='ltr'>uf.</span> <span class='ocrx_word' id='word_1_297' title='bbox 1105 3558 1181 3625; x_wconf 79' lang='lat' dir='ltr'>m,</span> <span class='ocrx_word' id='word_1_298' title='bbox 1200 3566 1285 3625; x_wconf 72' lang='lat' dir='ltr'>vii,</span> <span class='ocrx_word' id='word_1_299' title='bbox 1303 3568 1412 3615; x_wconf 81' lang='lat' dir='ltr'>note</span> <span class='ocrx_word' id='word_1_300' title='bbox 1428 3565 1499 3616; x_wconf 72' lang='lat'>25.</span> 
     </span>
    </p>
   </div>
   <div class='ocr_carea' id='block_1_4' title="bbox 2164 535 2234 589">
    <p class='ocr_par' dir='ltr' id='par_1_12' title="bbox 2164 535 2234 589">
     <span class='ocr_line' id='line_1_40' title="bbox 2164 535 2234 589; baseline 0 0"><span class='ocrx_word' id='word_1_301' title='bbox 2164 535 2234 589; x_wconf 72' lang='lat'>22</span> 
     </span>
    </p>
   </div>
   <div class='ocr_carea' id='block_1_5' title="bbox 2165 980 2236 1035">
    <p class='ocr_par' dir='ltr' id='par_1_13' title="bbox 2165 980 2236 1035">
     <span class='ocr_line' id='line_1_41' title="bbox 2165 980 2236 1035; baseline 0.014 -1"><span class='ocrx_word' id='word_1_302' title='bbox 2165 980 2236 1035; x_wconf 77' lang='lat'>23</span> 
     </span>
    </p>
   </div>
   <div class='ocr_carea' id='block_1_6' title="bbox 2165 1600 2236 1658">
    <p class='ocr_par' dir='ltr' id='par_1_14' title="bbox 2165 1600 2236 1658">
     <span class='ocr_line' id='line_1_42' title="bbox 2165 1600 2236 1658; baseline 0.014 -1"><span class='ocrx_word' id='word_1_303' title='bbox 2165 1600 2236 1658; x_wconf 78' lang='lat'>24</span> 
     </span>
    </p>
   </div>
   <div class='ocr_carea' id='block_1_7' title="bbox 2164 1956 2236 2014">
    <p class='ocr_par' dir='ltr' id='par_1_15' title="bbox 2164 1956 2236 2014">
     <span class='ocr_line' id='line_1_43' title="bbox 2164 1956 2236 2014; baseline 0 0"><span class='ocrx_word' id='word_1_304' title='bbox 2164 1956 2236 2014; x_wconf 76' lang='lat'>25</span> 
     </span>
    </p>
   </div>
   <div class='ocr_carea' id='block_1_8' title="bbox 2137 2664 2235 2723">
    <p class='ocr_par' dir='ltr' id='par_1_16' title="bbox 2137 2664 2235 2723">
     <span class='ocr_line' id='line_1_44' title="bbox 2137 2664 2235 2723; baseline -0.02 0"><span class='ocrx_word' id='word_1_305' title='bbox 2137 2664 2235 2723; x_wconf 75' lang='lat'>-27</span> 
     </span>
    </p>
   </div>
   <div class='ocr_carea' id='block_1_9' title="bbox 2166 2935 2237 2990">
    <p class='ocr_par' dir='ltr' id='par_1_17' title="bbox 2166 2935 2237 2990">
     <span class='ocr_line' id='line_1_45' title="bbox 2166 2935 2237 2990; baseline 0 0"><span class='ocrx_word' id='word_1_306' title='bbox 2166 2935 2237 2990; x_wconf 72' lang='lat'>28</span> 
     </span>
    </p>
   </div>
  </div>
 </body>
</html>
