2517 3975
616 275 1004 314 maronianum
1042 276 1377 314 maximnm
1415 277 1517 324 vn,
1557 278 1616 313 x.
1993 261 2096 314 253

164 370 366 449 'quippe
422 381 678 450 captivos
735 397 945 438 omnes
999 383 1130 436 sine
1176 382 1368 452 pretio
1424 382 1763 446 remiserat,
1815 384 1879 434 ut
1922 380 2096 434 fidem

161 465 370 523 faceret
398 469 512 523 sihi
556 485 686 524 cum
726 470 1118 526 ferocissimis
1162 472 1431 540 gentium
1469 471 1541 525 de
1577 469 1933 537 fortitudine,
1974 484 2097 524 non

162 555 226 608 de
253 556 337 609 ira
365 555 553 612 fuisse
578 561 895 613 certamen.
919 560 1184 631 Benigne
1212 560 1398 631 igitur
1417 558 1681 629 exceptis
1703 558 1985 612 Sacarum
2016 557 2097 611 le-

161 645 323 713 gatie,
354 646 620 700 comitem
649 646 966 717 Elpinicon
994 647 1169 713 dedit,
1194 647 1384 700 adhuc
1412 645 1726 701 admodum
1749 644 2034 716 juvenem
2051 639 2093 707 Ἰ

161 735 334 788 aetatis
387 735 533 790 flore
587 736 966 791 conciliatum
1012 736 1162 806 sibi;
1205 736 1326 807 qui,
1386 752 1520 790 cum
1577 735 1774 805 specie
1832 734 2097 803 corporis

157 826 394 892 aequaret
434 824 929 894 Hephaestionem,
962 826 1016 880 ei
1050 825 1255 896 lepore
1286 824 1437 880 haud
1465 840 1610 882 sane
1644 824 1804 878 virili
1835 839 1945 893 par
1977 840 2097 878 non

158 916 288 968 erat.

218 1001 364 1071 Ipse,
394 1000 636 1057 Cratero
667 1018 801 1057 cum
836 1003 1063 1075 majore
1101 1006 1268 1072 parte
1304 1003 1597 1057 exercitus
1633 1001 1888 1055 modicis
1924 1001 2096 1055 itine-

155 1088 305 1143 ribus
333 1090 503 1160 sequi
525 1091 725 1161 jusso,
758 1091 830 1145 ad
869 1091 1217 1145 Maracanda
1259 1091 1468 1146 urbem
1512 1090 1843 1154 contendit;
1877 1105 1953 1144 ex
1981 1105 2096 1160 qua

2152 559 2220 614 19

2148 1002 2221 1057 20

154 1174 522 1246 Spitamenes,
573 1181 874 1249 comperto
931 1178 1065 1250 ejus
1122 1178 1405 1246 adventu,
1455 1180 1663 1234 Bactra
1717 1178 2086 1249 perfugerat.
2144 1205 2148 1210 «

153 1263 351 1336 Itaque,
397 1267 723 1338 quadriduo
768 1283 877 1322 rex
922 1268 1170 1340 longum
1214 1249 1452 1323 itineris
1492 1269 1748 1338 spatium
1791 1282 2091 1332 emensuS,

152 1359 486 1422 pervenerat
529 1355 588 1410 in
630 1372 765 1411 eum
807 1357 1019 1425 locum,
1068 1358 1132 1411 in
1178 1369 1317 1427 quo,
1370 1357 1709 1414 Menedemo
1757 1357 1924 1424 duce,
1976 1356 2092 1409 duo

153 1443 316 1498 millia
341 1446 607 1513 peditum
634 1449 693 1499 et
719 1461 825 1501 ccc
852 1447 1081 1517 equites
1112 1449 1412 1501 amiserat.
1443 1445 1668 1501 Horum
1702 1462 1842 1501 ossa
1868 1445 2104 1499 tumulo·

153 1532 368 1603 contegi
390 1532 597 1604 jussit,
631 1534 687 1587 et
705 1534 956 1589 inferias
974 1549 1137 1589 more
1163 1535 1353 1605 patrio
1377 1534 1606 1591 dedit¹⁸.
1628 1533 1758 1588 Jam
1787 1533 2088 1598 CrateruS,

153 1634 269 1674 cum
308 1620 605 1692 phalange
632 1621 654 1643 *
703 1621 988 1694 subsequi
1034 1622 1278 1694 jussuS,
1329 1623 1402 1677 ad
1451 1638 1657 1694 regem
1709 1624 2084 1692 pervenerat.

151 1707 353 1780 Itaque,
392 1714 456 1765 ut
499 1717 724 1779 omnes,
770 1713 869 1782 qui
907 1712 1266 1779 defecerant,
1297 1713 1518 1782 pariter
1558 1711 1701 1767 belli
1740 1712 1902 1767 clade
1949 1726 2090 1780 pre-

151 1802 450 1872 merentur,
482 1800 693 1870 copias
725 1800 954 1869 dividit,
983 1801 1194 1873 urique
1231 1817 1409 1874 agros
1443 1806 1503 1856 et
1541 1801 1791 1857 interfici
1832 1800 2091 1871 puberes

153 1882 318 1954 jubet.

947 2058 1198 2113 CAPUT
1226 2059 1281 2111 X

233 2206 419 2257 Retour
447 2221 517 2256 en
546 2206 807 2270 Sogdiana
838 2215 888 2256 et
915 2223 978 2256 en
1008 2209 1296 2258 Bactriane.
1324 2235 1386 2244 —
1414 2208 1656 2271 Supplice
1687 2209 1749 2257 de
1780 2209 1992 2259 Bessus

891 2343 1066 2397 (niver,
1093 2343 1279 2407 329-328
1290 2343 1323 2398 .)
1348 2411 1351 2414 ἢ

214 2500 542 2574 Sogdiana¹
573 2502 742 2574 regio
781 2503 1006 2573 majore
1029 2520 1100 2558 ex
1125 2506 1290 2573 parte
1329 2503 1567 2558 deserta
1604 2507 1728 2558 est:
1755 2505 2086 2576 octingenta

154 2585 258 2644 fere
284 2593 472 2647 stadia
490 2591 513 2613 *
541 2591 603 2646 in
631 2592 993 2647 latitudinem
1023 2595 1204 2647 vastae
1241 2592 1587 2648 solitudines
1619 2596 1836 2647 tenent.
1867 2593 2087 2665 Ingens

157 2681 387 2746 spatium
423 2684 602 2735 rectae
640 2681 907 2753 regionis
944 2685 1054 2750 est,
1096 2698 1201 2751 per
1241 2697 1416 2752 quam
1463 2680 1737 2734 amnis—
1772 2682 2087 2752 Polytime-

153 2766 260 2820 tum
292 2772 508 2824 vocant
544 2770 755 2824 incolae
792 2769 1105 2831 -.fertur.
1145 2770 1493 2825 Torrentem
1533 2784 1666 2823 eum
1703 2771 1849 2838 ripae
1896 2771 1955 2823 in
1992 2773 2087 2827 te-

155 2868 310 2910 nuem
351 2859 584 2912 alveum
622 2861 858 2930 cogunt,
900 2858 1110 2914 deinde
1156 2874 1408 2912 caverna
1462 2859 1674 2929 accipit
1720 2863 1775 2913 et
1814 2858 1924 2912 sub
1974 2861 2089 2913 ter-

155 2955 263 2997 ram
295 2947 467 3017 rapit.
511 2945 737 3001 Cursus
783 2948 1113 3002 absconditi
1168 2946 1451 3001 indicium
1489 2952 1582 3002 est
1618 2964 1785 3018 aquae
1836 2951 2094 3017 meantis·

155 3045 334 3101 sonus,
374 3051 509 3090 cum
544 3035 742 3104 ipsum
777 3034 1001 3102 solum,
1037 3036 1163 3091 sub>
1188 3051 1303 3104 quo
1344 3038 1540 3090 tantus
1587 3035 1778 3089 amnis
1827 3036 1973 3103 fluit,
2014 3053 2086 3090 ne

154 3122 365 3178 modico
396 3124 630 3195 quidem
657 3123 895 3179 resudet
923 3124 1188 3178 humore.

214 3207 306 3263 Ex·
341 3213 588 3282 captivis
617 3212 636 3238 ³
681 3211 1118 3282 Sogdianorum
1176 3213 1245 3266 ad
1308 3228 1508 3285 regem
1552 3230 1677 3267 xxx
1723 3214 2088 3269 nobilissimi

199 3406 261 3449 13.
293 3404 482 3456 Μανίας
509 3405 614 3449 aare
631 3406 769 3450 alicui
791 3411 863 3449 est
890 3403 1130 3460 poetique.

198 3466 245 3507 X.
268 3489 319 3497 -
343 3469 388 3511 1.
420 3466 654 3520 Soudiana.
679 3469 745 3512 Cf.
775 3471 864 3521 vn,
895 3479 938 3521 v,
968 3472 1076 3511 note
1103 3471 1149 3511 3.

198 3530 239 3568 2.
271 3526 338 3570 Ex
360 3529 549 3583 captivis
575 3540 755 3574 comme
777 3530 955 3589 captivi.
986 3530 1053 3573 Cf.
1083 3530 1122 3574 E
1148 3530 1426 3586 spadoniaus,
1446 3534 1519 3582 ΙΙΙ,
1548 3535 1727 3583 111,17-
1756 3553 1807 3561 -
1831 3531 1902 3574 Ea:
1924 3539 2086 3583 purpu-

159 3587 275 3642 ratu,
292 3593 364 3645 111,
388 3602 472 3646 ιιι,
496 3591 538 3646 ’1,
566 3597 659 3636 etc.

1848 3687 1907 3733 15

2148 1272 2228 1351 21⁴

2147 1539 2219 1595 22

2152 2518 2179 2571 hb
