2517 3975
392 238 495 297 166
1151 266 1205 309 Q·
1247 260 1415 301 cua‘ri
1455 262 1587 302 num

1203 476 1454 532 CAPUT
1494 478 1545 531 lI

624 627 919 676 Alexandre
953 626 1171 675 s’oublic
1207 627 1339 676 dans
1371 628 1448 675 les
1479 627 1707 689 plaisirS.
1738 653 1799 661 —
1829 625 2123 674 Desordres

972 708 1100 755 dans
1135 707 1181 754 le
1215 721 1364 769 camp
1398 708 1757 756 macedonien.

1235 834 1353 892 (rete,
1383 839 1507 896 330.)

461 991 599 1058 Sed,
639 993 699 1044 ut
744 989 997 1058 primum
1036 990 1399 1044 instantibus
1438 990 1601 1044 curis
1647 990 1878 1043 laxatus
1913 991 2006 1043 est
2057 988 2335 1053 animus¹,

390 1078 730 1133 militarium
750 1094 947 1133 rerum
989 1093 1164 1148 quam
1194 1077 1412 1148 quictis
1442 1078 1659 1149 otiique
1686 1077 2032 1148 patientior,
2068 1091 2337 1146 excepere

390 1168 562 1224 eum'
608 1168 961 1238 voluptateS,
1006 1170 1080 1233 et,
1114 1183 1290 1239 quem
1332 1182 1495 1223 arma
1531 1168 1853 1222 Persarum
1884 1183 2003 1220 non
2031 1166 2334 1240 fregerant,

390 1258 532 1311 vitia
552 1257 818 1312 vicerunt
843 1257 1229 1326 :tempestiva
1247 1257 1268 1283 ³
1294 1257 1568 1310 convivia
1583 1257 1602 1277 *
1624 1259 1679 1311 et
1708 1257 2058 1327 perpotandi
2086 1257 2337 1328 pervigi-

390 1346 664 1417 landique
696 1347 904 1400 insana
927 1345 1193 1412 dulced0‚
1218 1346 1479 1416 ludique,
1511 1348 1570 1400 et
1599 1361 1816 1418 greges
1835 1347 2113 1416 pelicum.
2147 1346 2340 1401 Omnia

388 1436 452 1489 in
476 1439 786 1490 externum
824 1436 989 1505 lapsa
1032 1450 1261 1490 morem
1297 1449 1309 1488 ε
1336 1450 1508 1506 quem
1533 1435 1846 1489 aemulatus
1869 1434 2040 1505 quasi
2069 1437 2339 1506 potiorem

390 1540 523 1592 suc,
564 1524 644 1578 ita
684 1524 1053 1594 popularium
1103 1523 1336 1578 animos
1382 1525 1702 1593 oculosque
1734 1524 1960 1594 pariter
1989 1524 2261 1592 offendit,
2288 1524 2339 1578 ut

388 1629 422 1667 a
451 1614 755 1683 plerisque
777 1615 1099 1667 amicorum
1118 1629 1226 1681 pro
1257 1612 1427 1667 hoste
1447 1612 1466 1638 ⁴
1496 1612 1828 1668 haberetur.
1852 1614 2121 1670 Tenaces
2141 1616 2339 1687 quippe

389 1701 717 1771 disciplinae
747 1717 891 1768 suae,
927 1702 1255 1772 solitosque
1304 1716 1481 1770 parco
1531 1716 1599 1754 ac
1649 1702 1896 1771 parabili
1935 1703 2100 1756 victu
2128 1704 2203 1758 ad
2258 1703 2342 1757 im·

388 1791 598 1859 plenda
628 1792 854 1844 naturae
884 1789 1184 1844 desideria
1212 1790 1457 1860 defungi
1488 1792 1528 1854 ⁸,
1559 1791 1620 1842 in
1650 1793 1967 1861 peregrina
2008 1794 2067 1847 et
2094 1793 2338 1849 devicta-

388 1896 523 1934 rum
570 1880 835 1951 gentium
878 1879 1033 1934 mala
1078 1881 1412 1951 impulerat.
1445 1879 1599 1932 Hinc
1633 1881 1854 1949 saepius
1896 1885 2254 1950 comparatae
2291 1883 2339 1936 in

389 1972 558 2041 caput
579 1968 716 2041 ejus
744 1969 979 2024 insidiae
998 1990 1011 2037 ;
1035 1969 1304 2025 secessio
1321 1969 1643 2024 militumet
1664 1969 1914 2025 liberior
1935 1971 2092 2026 inter
2112 1975 2339 2027 mutuas

386 2060 658 2130 querelas
704 2060 907 2123 dolor;
953 2060 1148 2129 ipsius
1201 2060 1339 2114 inde
1383 2074 1540 2113 nunc
1586 2058 1698 2129 ira,
1741 2075 1899 2113 nunc
1950 2062 2339 2131 suspicioneS,

387 2166 535 2221 quas
584 2149 877 2204 excitabat
921 2149 1298 2203 inconsultus
1344 2164 1554 2218 pavor,
1596 2151 1906 2220 ceteraque
1954 2148 2053 2205 his
2114 2151 2335 2215 similia,

387 2256 520 2310 quae
551 2238 763 2294 deinde
793 2238 1082 2293 dicentur.

457 2327 661 2399 Igitur,
687 2342 821 2381 cum
850 2326 1226 2397 tempestivis
1256 2327 1594 2382 conviviis*
1616 2327 1748 2381 dies
1776 2329 2001 2398 pariter
2030 2331 2338 2397 noctesque

386 2421 780 2483 consumeret,
813 2417 1143 2471 satietatem
1176 2417 1484 2485 epularum
1526 2418 1680 2470 ludis
1718 2417 2133 2488 interpellabat
2161 2419 2199 2486 ⁶,
2232 2432 2336 2471 non

386 2510 696 2562 contentus
724 2506 1034 2575 artificum,
1060 2521 1209 2577 quos
1231 2522 1259 2559 e
1281 2507 1509 2561 Graecia
1542 2507 1859 2574 exciverat,
1883 2506 2057 2562 turba
2093 2526 2106 2561 :
2139 2508 2334 2579 quippe

384 2598 631 2666 captivae
653 2596 1017 2667 jubebantur
1047 2610 1151 2650 suo
1200 2596 1318 2649 ritu
1368 2611 1581 2650 canere
1629 2596 1994 2650 inconditum
2023 2599 2083 2650 et
2130 2596 2330 2651 abhor-

386 2702 524 2739 rens
553 2685 893 2758 peregrinis
923 2683 1164 2740 aunibus
1193 2700 1453 2739 carmen.
1499 2686 1655 2739 Inter
1692 2697 1843 2756 quas
1869 2701 2048 2739 unam
2068 2701 2177 2741 rex
2204 2684 2335 2739 forte

384 2835 633 2880 d'Arbelcs.
662 2837 828 2889 QuInte
856 2838 999 2880 curce
1017 2833 1116 2880 dira
1143 2834 1335 2879 ailleurs
1355 2832 1462 2890 (vll,
1489 2834 1637 2891 1v‚32)
1664 2833 2005 2889 qu’Alexandre
2021 2835 2133 2879 etait
2153 2847 2209 2880 en
2238 2839 2334 2877 Bac-

386 2900 533 2941 triana
562 2899 716 2953 quand
744 2899 808 2941 lui
839 2899 1021 2953 parvint
1053 2899 1096 2941 la
1141 2897 1361 2941 nouvelle
1398 2897 1456 2940 de
1499 2899 1543 2939 la
1579 2894 1812 2941 defection
1844 2896 1927 2940 des
1964 2897 2336 2942 Laeedemonicns

384 2965 429 3004 et
469 2961 525 3005 de
556 2965 654 3004 tout
684 2961 728 3004 le
758 2960 1063 3015 Peloponesc.·

438 3028 488 3066 ll.
519 3047 568 3055 —
600 3027 638 3065 1.
670 3023 868 3077 Animus,
904 3022 1200 3066 c'est-a-dire
1229 3020 1402 3065 animus
1427 3022 1686 3066 Alexandri.

435 3093 482 3131 Ξ.
516 3087 643 3138 Eum,
661 3084 961 3129 c'ect-a-dire
988 3084 1307 3129 Alexandrum.

437 3154 478 3193 3.
514 3146 788 3201 Tempestiva
813 3156 991 3190 comme
1020 3148 1072 3190 cle
1102 3148 1175 3190 die
1210 3147 1328 3190 inita
1357 3146 1427 3199 (V.
1468 3157 1547 3199 vn,
1577 3148 1643 3201 2).
1680 3146 1994 3201 Tempestivus,
2036 3148 2337 3201 proprement,

383 3211 459 3267 qui
487 3212 606 3254 vient
635 3222 687 3253 en
714 3221 793 3252 sou
820 3213 974 3263 temps,
1006 3211 1111 3263 puis
1140 3210 1212 3264 qui
1236 3221 1284 3253 se
1310 3210 1393 3263 fail
1433 3210 1485 3252 de
1524 3210 1658 3254 bonne
1685 3209 1836 3263 heure,
1861 3209 2138 3264 prematur&
2167 3214 2336 3264 tempes-

385 3275 480 3317 tiva
497 3272 717 3325 ουηυίυἱα,
742 3272 972 3325 banquets
999 3271 1076 3326 qui
1106 3275 1425 3316 commoneant
1453 3273 1510 3315 de
1535 3273 1629 3315 tres
1656 3271 1810 3316 bonne
1838 3273 2002 3323 heure,
2028 3271 2230 3328 lorsqu'ss
2265 3270 2338 3313 fait

383 3348 552 3382 encore
576 3335 697 3390 J‘our.

435 3400 473 3441 4.
507 3399 658 3442 Hoste.
689 3396 759 3441 Cf.
790 3399 860 3450 lv,
885 3406 951 3448 xi,
977 3399 1085 3439 note
1105 3397 1147 3440 4.

432 3468 480 3514 ῥ’.
509 3460 712 3514 Domum,
742 3459 892 3500 meme
919 3469 1028 3500 sens
1054 3470 1146 3513 quc
1177 3462 1402 3503 contentos
1431 3469 1546 3503 esse.

437 3528 478 3566 6.
506 3523 764 3576 Interpello,
797 3530 975 3562 comme
1007 3519 1106 3572 plus
1137 3521 1232 3571 bas,
1261 3525 1330 3571 Vl,
1361 3534 1421 3574 vi,
1453 3527 1518 3576 19,
1538 3521 1673 3565 otium
1703 3519 2071 3576 interpellandum
2100 3525 2196 3566 era!
2215 3517 2336 3566 bello,

388 3581 502 3646 qaus
522 3591 607 3627 son
636 3589 744 3625 sens
763 3581 1120 3634 etymologique,
1145 3594 1332 3635 potasset·
1355 3588 1494 3635 entre,
1525 3586 1838 3640 interrompre.
