2517 3975
621 242 1015 281 msa-ommium
1053 242 1407 295 Anaxannm,
1448 246 1508 297 x,
1548 245 1612 281 11.
1996 229 2095 283 361

98 354 304 409 tando
334 352 695 422 aliquantum
726 354 1106 405 extraxerant
1127 352 1166 378 ¹⁸
1206 351 1598 421 temporiS.Et
1621 367 1748 418 rex,
1773 353 1919 407 satis
1949 370 2103 424 gna-

38 466 45 474 ·
100 460 227 498 rus
264 440 625 511 professioni
656 441 795 493 aeris
824 441 1132 510 pudorem,
1186 456 1303 495 non
1350 441 1797 508 contumaciam,
1844 442 2101 512 obstare,

100 546 371 586 mensas
417 528 558 582 totis
606 530 862 583 castris*
892 531 1034 598 poni
1078 529 1286 599 jussit,
1329 533 1386 583 et
1422 547 1464 582 x
1502 530 1686 583 millia
1733 532 2007 585 talentum
2026 531 2106 558 ¹⁹*

102 618 406 692 proferri.
440 619 587 673 Tum
625 617 858 671 demum
904 634 1038 671 cum
1083 617 1193 672 fide
1212 618 1253 645 ²⁰
1285 617 1438 672 facta
1487 618 1788 688 professio
1838 623 1949 674 est.-
1987 619 2109 673 Nec

105 707 390 778 amplius
436 720 505 759 ex
550 707 711 759 tanta
747 706 996 775 pecunia
1044 720 1215 775 quam
1255 723 1290 760 c
1330 707 1388 761 et
1433 724 1558 762 xxx
1594 708 1851 761 talenta*
1890 723 2107 777 super-

107 797 321 853 fuere.
338 796 503 849 Adeo
522 795 620 849 ille
646 795 969 858 exercitus,
992 798 1077 849 tot
1095 796 1587 851 divitissimarum
1614 799 1877 868 gentium
1900 798 2106 862 victor,

108 889 269 959 plus
301 888 500 939 tamen
528 883 856 938 victoriae²¹
892 900 1065 954 quam
1095 885 1315 953 praedae
1347 885 1680 954 deportavit
1707 900 1782 939 ex
1820 885 1982 939 Asia.

194 975 504 1037 Ceterum,
539 979 600 1027 ut
629 972 932 1044 cognitum
968 975 1058 1027 est
1088 972 1234 1026 alios
1273 975 1495 1028 remitti
1524 974 1756 1043 domoS‚
1790 973 1939 1028 alios
1979 975 2117 1028 reti-

111 1063 289 1131 neri,
317 1063 663 1131 perpetuam
703 1076 836 1113 eum
864 1061 1042 1128 regni
1074 1061 1278 1114 sedem
1308 1061 1368 1114 in
1410 1062 1554 1115 Asia
1598 1061 1939 1117 habiturum
1976 1062 2112 1124 rati,

114 1150 431 1208 vecordes
459 1152 514 1203 et
546 1149 875 1218 disciplinae
916 1149 1192 1203 militaris
1231 1150 1632 1217 immemoreS,
1667 1152 1971 1208 seditiosis
2008 1167 2118 1205 vo-

117 1243 315 1298 cibus
363 1240 556 1293 castra
583 1239 603 1258 *
653 1239 991 1307 complent3
1050 1253 1373 1310 regemque
1428 1237 1684 1293 ferocius
1743 1256 1916 1309 quam
1971 1241 2118 1294 alias

118 1329 359 1391 adorti,
390 1342 595 1382 omnes
635 1327 812 1381 simul
851 1327 1200 1382 missionem
1226 1327 1267 1353 ²²
1295 1328 1598 1396 postulare
1637 1332 1965 1397 coeperunt,
2007 1330 2118 1383 de-

120 1417 360 1476 formia
407 1432 512 1488 ora
556 1417 930 1471 cicatricibus
984 1416 1375 1484 canitiemque
1421 1415 1672 1485 capitum
1721 1421 2112 1471 ostentantes,

123 1510 271 1565 Nec
315 1507 416 1558 aut
450 1504 914 1574 praefectorum*
965 1505 1357 1576 castigatione
1408 1507 1508 1557 aut
1550 1504 1904 1558 verecundia
1953 1508 2122 1573 regis

124 1593 433 1658 deterriti,
456 1592 818 1648 tumultuoso
841 1594 1099 1647 clamore
1131 1594 1187 1647 et
1206 1592 1451 1646 militari
1471 1592 1753 1646 violentia
1775 1593 2122 1647 volentem⁸⁸

126 1684 311 1756 loqui
364 1681 738 1750 inhibebant,
789 1682 979 1751 palam
1025 1680 1290 1751 professi
1340 1697 1630 1750 nusquam
1678 1681 1844 1745 inde,
1896 1683 2016 1736 nisi
2060 1684 2124 1737 in

127 1771 422 1846 patriam,
453 1769 779 1839 vestigium
814 1785 948 1825 esse
988 1774 1258 1825 moturos
1279 1769 1344 1823 ²⁴.
1375 1770 1630 1823 Tandem
1670 1770 1908 1823 silentio
1949 1769 2122 1840 facto,

130 1861 350 1930 magis
380 1859 518 1929 quia
545 1867 765 1912 motum
784 1858 824 1885 ¹¹⁵
856 1875 991 1914 esse
1020 1858 1357 1923 credebant,
1381 1874 1556 1929 quam
1587 1859 1728 1928 quia
1751 1857 1867 1928 ipsi
1896 1860 2126 1913 moveri

132 1949 446 2024 poterant,
480 1946 758 2019 quidnam
788 1950 1029 2002 acturus
1059 1953 1218 2003 esset
1248 1947 1690 2018 exspectabant.

216 2038 331 2093 Ille
371 2054 385 2090 2
442 2058 464 2082 «ι
508 2035 656 2101 Quid
706 2035 859 2101 haec,
909 2037 1117 2107 inquit,
1167 2052 1388 2106 repens
1445 2036 1843 2091 consternatio
1899 2041 1958 2092 et
2010 2040 2129 2091 tam

135 2142 381 2202 procax
427 2129 601 2196 atque
651 2124 841 2180 effusa
890 2126 1125 2180 licentia
1171 2125 1526 2180 denuntiat?
1570 2124 1790 2195 Eloqui
1835 2125 2121 2180 metuo&

135 2216 362 2272 Palam
408 2217 565 2268 certe
604 2214 852 2284 rupistis
897 2214 1233 2283 imperium,
1276 2217 1334 2268 et
1378 2212 1643 2283 precario
1687 2228 1791 2267 rex
1842 2229 1997 2277 sum,
2036 2213 2132 2267 cui

141 2321 279 2361 non
330 2301 680 2372 alloquendi,
722 2318 843 2357 non
890 2302 1174 2357 noscendi
1193 2302 1232 2329 ¹⁷
1274 2302 1671 2371 monendique
1721 2304 1818 2354 aut
1866 2301 2134 2356 intuendi

127 2409 291 2462 ,voS‚
327 2390 433 2462 jus
477 2392 823 2462 reliquistis.
869 2391 1159 2460 Equidem
1206 2406 1341 2444 cum
1389 2390 1540 2444 alios
1584 2389 1877 2444 dimittere
1923 2391 1986 2445 in
2023 2407 2132 2460 pa-

146 2483 355 2546 triam,
404 2480 553 2535 alios
589 2496 820 2535 mecum
852 2481 1028 2549 paulo
1067 2483 1203 2550 post
1239 2480 1548 2549 deportare
1569 2478 1610 2505 ³⁸
1639 2478 1968 2546 statuerim,
2014 2482 2137 2533 tam

209 2705 285 2747 18.
313 2698 633 2746 Extraxerant.
670 2701 737 2743 Cf.
767 2702 838 2751 VI,
862 2710 965 2755 vm,
984 2706 1093 2743 note
1120 2701 1191 2744 16.

209 2769 284 2809 19.
319 2763 556 2805 Talentum.
590 2763 684 2813 Cf„
706 2774 786 2806 sur
811 2773 865 2805 00
886 2761 1068 2816 genitif,
1099 2765 1172 2815 111,
1209 2773 1318 2814 xiii,
1349 2765 1456 2805 note
1486 2763 1552 2805 13.

208 2830 286 2870 20.
319 2824 425 2868 Cum
450 2825 552 2880 fide,
579 2836 691 2868 aveo
708 2826 866 2878 pleine
890 2824 1042 2867 bonne
1064 2823 1146 2877 foi,
1168 2824 1326 2878 pleine
1356 2822 1598 2867 sincerite.

210 2892 287 2932 21.
326 2886 550 2941 Ποῖον-ἑκ,
572 2888 799 2931 entendez
827 2888 874 2930 la
903 2887 1065 2941 gloire,
1083 2886 1283 2930 resultat
1311 2885 1368 2929 de
1396 2886 1443 2929 la
1462 2884 1677 2928 victoire.

214 2953 288 2993 ΞΩ.
319 2948 593 2994 Missionem.
619 2951 679 2992 ns
701 2950 956 2993 reclament
982 2960 1039 2992 00
1065 2960 1157 3003 que
1170 2949 1244 2991 les
1271 2947 1489 2992 Romains
1508 2946 1773 3000 appelaient
1800 2944 1954 2987 missio
1986 2957 2144 2991 causa-

158 3013 257 3056 ria.
291 3023 319 3050 e<
345 3010 602 3054 Missionum
628 3011 861 3065 aenei-ales
889 3022 1030 3053 causae
1057 3014 1164 3053 eunt
1193 3015 1321 3053 tres:
1347 3008 1548 3059 honesta,
1570 3018 1798 3060 cau-sarta,
1828 3007 2140 3060 donominiosa.

160 3075 368 3119 Honesta
394 3076 480 3123 est,
527 3084 637 3127 quae,
681 3077 875 3128 tempore
913 3073 1092 3116 militiae
1136 3072 1332 3126 impleto,
1363 3071 1520 3121 datum
1548 3069 1769 3122 camaria,
1799 3079 1895 3111 cum
1916 3070 2015 3124 quis
2036 3070 2146 3114 vitio

163 3134 309 3179 animi
337 3135 404 3178 vel
431 3136 629 3189 corporis
657 3137 799 3179 minus
825 3136 1008 3178 idonens
1036 3134 1215 3178 militiae
1244 3133 1570 3183 renunciatum
1599 3130 1893 3185 innominioea
1912 3141 2045 3175 causa
2078 3136 2149 3177 eet

163 3210 268 3244 cum
296 3198 400 3252 quis
423 3201 606 3252 propter
633 3199 841 3242 delictum
871 3201 1145 3241 sacramento
1171 3196 1359 3239 solvitur
1381 3197 1578 3250 (Macen,
1609 3194 1738 3248 Diu„
1767 3197 1835 3245 49,
1858 3198 1927 3247 16,
1953 3196 2038 3248 13).

220 3264 290 3305 23.
320 3257 556 3303 Valentem.
590 3261 817 3315 Suppleez
841 3271 1001 3314 renem.
1241 3279 1244 3283 ·

221 3322 297 3365 24.
331 3321 525 3365 Moturos
550 3333 666 3376 esse,
696 3322 860 3377 ellipse
882 3324 943 3367 du
964 3321 1089 3376 sujet
1117 3332 1182 3364 se.

224 3387 302 3428 25.
337 3383 512 3427 Motum.
542 3384 770 3439 Suppleez
798 3395 960 3437 regem.

227 3451 299 3491 26.
330 3445 491 3499 Metuo,
511 3457 627 3490 avec
654 3445 898 3490 l‘infinitir.
926 3446 992 3490 Cf.
1026 3449 1140 3499 VIII,
1168 3457 1251 3497 vu,
1284 3449 1392 3490 note
1420 3448 1494 3489 10.

228 3514 305 3552 27.
341 3507 571 3558 Nosoendi,
600 3507 878 3552 c’est-e-dire
900 3508 958 3552 de
985 3510 1225 3552 connaitre
1254 3518 1337 3551 vos
1371 3507 1541 3553 desire.

227 3571 298 3614 28.
330 3569 575 3623 Deportare
603 3575 677 3614 est
705 3583 767 3614 un
794 3574 943 3614 terme
972 3570 1221 3626 technique
1249 3572 1308 3613 de
1353 3568 1398 3613 la
1444 3572 1612 3625 langue
1641 3566 1865 3622 politique
1891 3565 1952 3607 de
1976 3566 2145 3605 Rome:

1904 3660 1958 3707 2¹1

2167 656 2223 710 11

2172 1014 2239 1068 12

2178 1550 2249 1605 13

2182 1816 2251 1872 14

2186 2086 2255 2139 15
