2517 3975
739 228 1132 268 ms’romAnuu
1168 226 1505 268 Amxmnm
1544 228 1625 280 w,
1664 227 1788 269 xw.
2147 210 2250 266 117

276 335 532 391 rendam
560 351 731 405 opem
762 336 894 391 suis
922 337 1144 391 statuit.
1184 337 1433 408 Jamque
1479 335 1651 408 signa
1690 338 2087 407 converterat,
2118 353 2251 391 cum
2281 376 2284 379 >

277 423 516 494 equites
542 439 576 477 a
607 423 999 479 Parmenione
1028 424 1206 478 missi
1253 424 1416 478 illius
1458 437 1691 495 quoque
1721 424 1912 494 partis
1942 425 2252 480 victoriam

276 504 577 567 nuntiant.

355 601 474 656 Sed
514 601 738 655 nullum
777 601 890 658 hoc
936 602 1031 658 die
1076 600 1273 672 majus
1321 601 1647 671 periculum
1688 601 1851 672 adiit,
1896 616 2072 671 quam
2114 600 2251 657 dum

280 689 488 759 copias
514 689 741 744 reducit
780 689 841 743 in
883 697 1104 747 castra.
1141 690 1325 744 Pauci
1367 705 1498 743 eum
1538 692 1593 744 ct
1623 689 2005 759 incompositi
2034 705 2253 761 seque-

279 778 520 845 bantur,
546 782 795 833 ovantes
814 778 1093 849 victoria3
1127 779 1338 849 quippe
1363 793 1571 835 omnes
1601 778 1807 833 hostes
1836 781 1935 833 aut
1966 780 2027 832 in
2047 778 2250 851 fugam

279 864 531 930 effuSOS‚
563 873 662 921 aut
697 868 760 920 in
795 868 919 923 acie
967 867 1258 922 cecidisse
1302 866 1619 921 credebant
1660 883 1673 923 ε
1723 882 1857 921 cum
1895 871 2138 936 repente
2174 883 2250 922 ex

279 956 535 1010 adverso
592 956 860 1024 apparuit
916 971 1127 1028 agmen
1183 955 1474 1026 equitum,
1533 956 1637 1026 qui
1687 955 1879 1025 primo
1935 955 2248 1011 inhibuere

174 1088 192 1101 .
280 1060 550 1106 cursum,
594 1043 827 1111 deinde,
873 1045 1257 1099 Macedonum
1303 1044 1596 1115 paucitate
1638 1046 1973 1115 conspecta,
2022 1047 2248 1099 turmas

279 1133 343 1186 in
383 1133 595 1186 obvios
637 1132 1102 1187 concitaverunt.
1134 1131 1289 1187 Ante
1334 1133 1512 1202 signa
1554 1147 1663 1187 rex
1702 1132 1840 1200 ibat,
1875 1131 2246 1187 dissimulato

276 1219 476 1291 magis
498 1217 756 1289 periculo
778 1235 952 1289 quam
982 1221 1200 1289 spreto.
1226 1219 1352 1273 Nec
1383 1217 1571 1274 defuit
1590 1219 1645 1273 ei
1663 1223 1947 1289 perpetua
1968 1221 2031 1274 in
2050 1219 2248 1283 dubiis

274 1306 468 1362 rebus
495 1306 743 1361 felicitas
772 1324 786 1364 :
828 1323 1080 1378 namque
1116 1307 1459 1377 praefectum
1496 1309 1809 1379 equitatuS‚
1844 1309 2081 1364 avidum
2113 1325 2246 1363 cer-

274 1394 539 1463 taminiS,
588 1399 646 1450 et
690 1395 768 1450 ob
817 1396 879 1450 id
915 1397 1111 1466 ipsum
1150 1397 1445 1452 incautius
1494 1398 1556 1451 in
1594 1413 1661 1452 se
1703 1401 1995 1464 ruentem,
2040 1398 2247 1452 hasta*

279 1482 610 1549 transfixi13
654 1499 771 1555 quo
815 1499 890 1538 ex
933 1500 1086 1555 equo
1130 1485 1322 1554 lapso,
1368 1485 1706 1555 proximum
1754 1501 1819 1540 ac
1867 1485 2000 1540 dein
2045 1486 2247 1555 plures

280 1572 490 1627 eodem
524 1572 630 1626 telo
652 1572 670 1593 *
700 1571 979 1627 confodit.
1015 1574 1299 1628 Invasere
1329 1573 1601 1628 tui-batos
1630 1573 1803 1627 amici
1833 1589 2063 1645 quoque
2091 1590 2104 1630 :
2139 1590 2248 1630 nec

280 1661 490 1731 Persae
532 1661 701 1715 inulti
747 1661 1056 1729 cadebant,
1087 1663 1303 1732 quippe
1342 1666 1465 1716 no'n
1507 1663 1809 1717 universae
1854 1662 2035 1731 acieS,
2071 1678 2248 1734 quam

280 1750 374 1804 hae
433 1750 822 1804 tumultuariae
850 1750 890 1777 ¹⁰
947 1766 1187 1817 manus,
1223 1751 1631 1806 vehementius
1679 1752 1866 1807 iniere
1918 1755 2240 1808 certamen.

279 1838 545 1892 Tandem
589 1838 849 1907 barbari,
889 1855 1022 1893 cum
1060 1840 1317 1894 obscura
1365 1839 1495 1895 luce
1545 1841 1731 1895 tutior
1768 1840 1907 1914 fuga
1947 1841 2250 1896 videretur

282 1942 420 1982 esse
470 1942 642 1997 quam
687 1943 906 2000 pugna,
947 1928 1239 1999 dispersis
1290 1929 1629 2001 agminibus
1680 1929 1900 1984 abiere.
1945 1931 2092 1999 Rex,
2146 1945 2251 1983 ex-

279 2016 680 2074 traordinario
714 2015 978 2086 periculo
1010 2015 1355 2087 defunctuS,
1399 2018 1711 2072 incolumis
1736 2034 1883 2073 suos
1912 2017 2154 2073 reduxit
2185 2018 2249 2069 in

280 2107 500 2159 castra.

348 2192 633 2247 Cecidere
669 2193 1015 2263 Persarum,
1057 2209 1309 2263 quorum
1347 2208 1662 2247 numerum
1709 2193 1970 2248 victores
2018 2193 2189 2248 finire
2209 2193 2249 2220 ¹²

278 2283 623 2353 potuerunt,
645 2281 826 2334 millia
845 2298 940 2349 xL,
965 2280 1351 2335 Macedonum
1371 2285 1563 2334 minus
1597 2297 1771 2351 quam
1796 2297 1901 2335 coc
1931 2280 2244 2335 desiderati

281 2371 444 2428 sunt.
478 2368 751 2424 Ceterum
798 2369 951 2424 hanc
990 2369 1296 2424 victoriam
1336 2384 1442 2423 rex
1473 2371 1697 2438 maJ'ore
1726 2387 1800 2425 ex
1828 2372 1993 2440 parte
2025 2371 2246 2438 virtuti,

279 2474 459 2530 quam
505 2455 758 2512 Fortunae
809 2474 934 2513 suae
984 2458 1180 2513 debuit
1214 2473 1226 2511 ε
1275 2456 1515 2530 [animo,
1547 2476 1689 2524 non,
1731 2462 1795 2514 ut
1836 2461 2028 2529 antea,
2065 2460 2249 2515 loco¹⁸

282 2544 614 2618 vicit].Nam
645 2553 701 2600 et
731 2547 920 2602 aciem
948 2548 1311 2616 peritissime
1357 2548 1659 2615 instruxit,
1702 2550 1758 2602 et
1804 2550 2250 2619 promptissime

282 2636 416 2705 ipse
445 2636 747 2705 pugnavit,
790 2637 845 2689 et
881 2650 1098 2705 magno
1139 2635 1390 2689 consilio
1424 2635 1716 2707 jacturam
1749 2638 2111 2692 sarcinarum
2142 2639 2250 2691 im·

279 2721 871 2792 pedimentorumque
899 2725 1272 2793 contempsit,
1304 2739 1436 2777 cum
1465 2723 1525 2776 iu
1558 2724 1692 2793 ipsa
1723 2725 1847 2779 acie
1885 2740 2132 2782 summae
2161 2727 2251 2780 rei

281 2809 516 2864 videret
545 2824 680 2865 esse
710 2810 1056 2881 discrimen;
1083 2809 1382 2880 dubioque
1403 2810 1837 2883 adhuc-pugnae
1869 2817 2104 2880 eventu,
2142 2830 2248 2883 pro

281 2898 513 2952 victore
542 2914 607 2952 se
637 2899 859 2970 gessit:
881 2898 1190 2970 perculsos
1221 2898 1432 2953 deinde
1454 2899 1714 2977 hostium
1734 2900 1903 2965 fudit,
1927 2890 2249 2973 fugientes»,

284 2987 444 3058 quod
473 2989 533 3041 in
559 2987 661 3041 illo
691 2988 903 3043 ardore
932 2988 1116 3064 animi
1138 2989 1240 3041 vix
1269 2989 1431 3043 credi
1460 2992 1673 3058 potest,
1697 2991 2045 3059 prudentius
2076 3007 2250 3062 quam

282 3076 520 3130 avidius
550 3080 902 3145 persecutus
938 3080 1053 3131 est.
1103 3076 1249 3131 Nam
1298 3078 1377 3145 si,
1413 3081 1580 3147 parte
1619 3080 1918 3134 exercitus
1959 3080 2150 3135 adhuc‘
2189 3083 2252 3135 in

285 3165 416 3219 acie
444 3168 656 3235 stante,
688 3167 910 3220 instare
940 3166 1292 3221 cedentibus
1321 3172 1791 3236 perseverasset,
1817 3172 1915 3223 aut
1943 3172 2116 3241 culpa
2146 3186 2253 3224 sua

282 3254 485 3308 victus
515 3256 678 3309 esset
707 3257 806 3309 aut
831 3254 1022 3309 aliena
1053 3256 1270 3310 virtute
1292 3256 1565 3312 vicisset.
1595 3258 1727 3312 Jam
1747 3258 1800 3312 si
1821 3259 2253 3313 multitudinem

338 3421 414 3466 16.
451 3421 768 3466 Tumultuariae
792 3433 970 3467 comme
999 3423 1104 3476 plus
1132 3422 1245 3467 haut
1275 3422 1555 3479 incompositi
1576 3424 1616 3480 (ἓ
1635 3426 1721 3481 20).

335 3483 413 3531 17.
443 3484 597 3528 Finit-e
615 3496 855 3537 'tumet-um,
874 3484 990 3528 fixer
1008 3490 1300 3529 exactement
1325 3487 1371 3530 le
1401 3487 1610 3532 nombre.

338 3547 416 3591 18.
448 3543 577 3599 Loco,
606 3546 653 3591 la
682 3547 875 3591 bataille
902 3548 1093 3591 d'lssus.

2305 603 2379 664 20

2304 873 2367 927 21

2304 2204 2375 2258 26

2304 2382 2374 2436 27

2305 2472 2375 2525 28

2306 2915 2377 2970 29

2307 3091 2379 3145 30
