2517 3975
646 253 1040 295 ins-romaum
1074 254 1413 294 mmnm
1444 254 1530 306 vr,
1570 256 1697 294 vm.
2045 237 2152 294 193

196 364 492 421 Meruisse
509 367 758 420 mortem
786 363 1053 419 confiteri
1082 363 1261 434 pudet
1277 363 1296 390 ‘¹
1328 379 1342 418 τ
1376 366 1652 434 superest
1678 365 1741 418 ut
1769 363 1932 418 malit
1958 363 2154 419 videri

194 455 478 528 injuriam
532 453 856 523 accepisse,
903 468 1078 524 quam
1114 453 1316 507 vitam.
1364 452 1623 508 Proinde
1666 453 1815 509 scito
1861 452 1965 508 tibi
2020 467 2155 507 cum

194 542 311 597 illis
349 542 426 616 de
456 540 645 596 salute
673 556 810 596 esse
837 540 1242 612 pugnandum.
1276 540 1436 595 Satis
1463 541 1716 597 hostium
1755 543 2050 611 superest,
2079 540 2155 595 ad
2204 541 2243 596 9

195 647 340 703 quos
369 629 815 701 persequendos
843 629 983 684 ituri
1011 644 1251 684 sumus:
1271 629 1425 684 latus
1447 645 1480 683 a
1508 629 1849 686 domesticis
1879 630 2154 684 hostibus

193 719 383 774 muni.
422 716 549 772 Hos
592 718 647 771 si
692 717 1037 782 submoves,
1068 716 1217 771 nihil
1252 721 1452 772 metuo
1492 717 1565 772 ab
1611 719 1855 773 externo
1874 718 1912 774 ⁸.
1947 737 1973 767 »
2010 718 2155 772 Haec

192 807 496 865 CrateruS.

255 899 386 953 Nec
415 897 597 951 ceteri
639 895 980 950 dubitabant
1019 896 1165 966 quin
1211 895 1645 967 conjurationis
1692 896 1976 951 indicium
2012 912 2155 967 sup-
2206 898 2279 953 10

189 1001 513 1058 pressurus
541 1000 662 1039 non
686 984 902 1039 fuisset
913 984 952 1054 ⁹,
979 984 1097 1039 nisi
1117 984 1373 1040 auctor⁴⁰
1392 988 1493 1040 aut
1519 986 1890 1057 particeps¹¹.
1917 1007 1942 1035 α
1966 986 2154 1052 Quem

190 1077 349 1131 enim
376 1074 541 1146 pium
571 1076 629 1128 et
653 1073 823 1128 bonae
854 1074 1090 1143 mentis,
1122 1089 1243 1128 non
1272 1075 1523 1128 amicum
1559 1075 1752 1142 modo,
1786 1075 1894 1130 sed
1921 1089 1995 1130 ex
2020 1075 2155 1129 ulti-

189 1180 277 1220 ma
312 1164 509 1236 plebe,
541 1162 759 1218 auditis
784 1179 915 1234 quae
953 1161 1026 1217 ad
1055 1177 1190 1217 eum
1233 1162 1424 1218 delata
1474 1166 1659 1233 erant,
1707 1179 1830 1220 non
1878 1163 2155 1235 protinus

187 1255 256 1309 ad
282 1268 500 1325 regem
535 1251 725 1307 fuisse
751 1252 1102 1306 cursurum?
1151 1265 1224 1306 ne
1264 1251 1532 1309 Cebalini
1577 1252 1813 1322 quidem
1859 1254 2152 1324 exemplo,
2208 1252 2271 1307 11

186 1344 285 1415 qui
314 1359 394 1397 ex
424 1341 607 1396 fratre
632 1343 934 1411 comperta
953 1341 1071 1411 ipsi
1091 1341 1441 1408 nuntiasset,
1466 1341 1874 1397 Parmenionis
1892 1342 2152 1409 fllium¹',

192 1430 544 1502 praefectum
571 1430 864 1499 equitatus
882 1429 925 1495 *,
966 1429 1225 1483 omnium
1254 1445 1605 1485 arcanorum
1632 1430 1796 1503 regis
1828 1429 2149 1486 arbitrum!

184 1520 513 1575 simulasse
546 1518 721 1573 etiam
748 1532 873 1572 non
899 1533 1146 1573 vacasse
1175 1519 1439 1573 sermoni
1469 1534 1579 1575 suo
1605 1532 1830 1589 regem,
1874 1535 1948 1574 ne
1974 1519 2154 1574 index

185 1608 365 1664 alium
424 1606 854 1661 internuntium
910 1609 1226 1677 quaereret.
1290 1605 1743 1674 Nicomachum,
1805 1607 2097 1680 religione
2110 1609 2153 1638 ¹⁸
2206 1608 2276 1663 12

184 1712 427 1768 quoque
453 1695 628 1749 deum
645 1695 689 1723 ¹⁴
734 1695 1100 1762 adstrictum,
1150 1696 1571 1751 conscientiam
1615 1711 1785 1751 suam
1828 1711 2153 1752 exonerare

182 1799 552 1855 properasse
602 1799 617 1839 ε
664 1783 978 1850 Philotam,
1036 1785 1388 1854 consumpto
1443 1799 1550 1854 per
1593 1784 1797 1840 ludum
1831 1783 2152 1857 jocumque

181 1889 353 1944 paene
385 1875 506 1927 toto
537 1873 650 1941 die,
682 1875 992 1945 gravatum
1021 1887 1157 1927 esse
1202 1887 1390 1943 pauca
1434 1872 1635 1942 verba,
1676 1875 2030 1946 pertinentia
2077 1875 2153 1930 ad

184 1965 362 2034 caput
387 1962 574 2033 regie,
598 1964 717 2016 tam
743 1961 927 2034 longo
957 1964 1016 2017 et
1043 1958 1294 2018 forsitan
1323 1977 1696 2032 supervacuo
1725 1963 1998 2021 inserere
2024 1978 2151 2019 ser-

179 2052 368 2109 moni.
396 2051 476 2105 At
500 2050 659 2106 enim
672 2051 733 2115 ¹⁸,
765 2035 841 2105 se‘
859 2066 980 2106 non
1008 2050 1337 2106 credidisse
1372 2051 1514 2106 talia
1561 2050 1969 2107 deferentibus
1995 2068 2149 2123 pue-
2202 2052 2273 2109 13

182 2139 342 2196 risfi!
374 2140 497 2196 Gur
523 2139 706 2211 igitur
733 2140 1092 2195 extraxisset
1118 2139 1363 2194 biduum
1379 2139 1443 2206 ¹⁶,
1463 2143 1760 2211 tamquam
1786 2140 2010 2196 indicio
2039 2140 2149 2198 ha-

177 2230 351 2285 beret
375 2228 596 2284 fldem?
631 2227 1038 2283 dimittendum
1066 2226 1256 2283 fuisse
1285 2227 1654 2295 Cebalinum,
1695 2229 1750 2284 si
1789 2229 2149 2285 delationem

179 2318 318 2390 ejus
346 2318 661 2373 damnabat
679 2317 741 2371 ¹⁷.
780 2317 848 2371 In
877 2332 987 2372 suo
1018 2332 1311 2388 quemque
1330 2316 1373 2344 ¹⁸
1399 2317 1667 2388 periculo
1694 2333 1976 2390 magnum
2022 2320 2147 2374 ani·
2202 2320 2271 2375 14

230 2518 284 2557 ’1.
318 2511 551 2559 necuim.
566 2542 580 2555 .
594 2542 607 2556 .
631 2509 788 2565 pudet.
811 2510 934 2554 c’est
953 2519 1049 2554 une
1070 2508 1241 2563 pennee
1261 2507 1497 2562 generale.

231 2580 282 2620 8.
316 2573 535 2619 Externa.
556 2572 790 2617 Entendez
819 2575 1001 2616 externo
1029 2571 1179 2624 hoste.

228 2641 283 2681 9.
321 2635 513 2690 Fuisset,
543 2635 669 2689 suist
686 2633 915 2678 Philotae.

233 2703 313 2743 10.
345 2698 533 2741 Auctor.
557 2697 628 2742 Cf.
649 2707 730 2740 sur
759 2707 813 2740 ce
834 2700 947 2752 mot,
968 2698 1039 2748 1v,
1063 2706 1133 2747 m,
1162 2698 1273 2739 note
1296 2698 1374 2739 29.

235 2765 314 2805 11.
348 2758 447 2802 Nisi
465 2761 620 2803 auctor
637 2762 712 2802 aut
728 2758 968 2812 particeps,
997 2758 1330 2802 sous-entendu
1356 2762 1489 2803 esset.

231 2826 314 2867 12.
348 2820 654 2865 Parmenionis
670 2820 830 2875 filium,
850 2820 1014 2875 ellipse
1030 2818 1092 2864 du
1113 2820 1258 2863 verbe
1284 2820 1546 2866 cucurrisse.

233 2888 309 2928 13.
339 2882 572 2936 Βειίρὶωιε
608 2882 746 2935 deum,
789 2882 1059 2937 Nicomaque
1097 2880 1245 2925 s'etait
1284 2882 1463 2935 engage
1491 2894 1575 2938 par
1604 2888 1813 2929 serment
1841 2883 1870 2928 a
1896 2884 2065 2939 garder
2104 2884 2152 2929 le

176 2950 347 2990 secret
372 2957 450 2988 sur
476 2944 548 2988 les
568 2943 862 2992 confidences
890 2955 981 2998 que
1008 2943 1183 2987 voulalt
1207 2943 1276 2986 lui
1294 2942 1408 2986 taire
1427 2947 1656 2999 Dymnus.
1679 2946 1754 2995 ct.
1789 2950 1858 3002 vl,
1878 2957 1964 3000 vn,
1990 2952 2040 2993 5.

232 3012 318 3052 14.
350 3009 498 3062 Deum,
531 3018 612 3050 sur
636 3017 691 3050 ce
720 3004 901 3061 genitis,
920 3005 986 3054 cf.
1019 3008 1090 3061 IV,
1110 3016 1175 3060 vr,
1203 3009 1314 3048 note
1339 3008 1390 3049 ὅ.

234 3075 318 3115 15.
351 3070 409 3113 At
434 3070 552 3113 enim
575 3078 786 3113 annonce
810 3079 905 3112 une
934 3067 1216 3112 restriction.
1250 3081 1278 3107 α
1294 3068 1418 3120 Παίς,
1436 3068 1731 3120 dira-t-on...
1755 3086 1782 3115 »

233 3133 319 3177 16.
351 3131 634 3176 Extraxisset
661 3130 855 3174 biduum.
890 3131 1125 3175 Entendez
1152 3130 1427 3174 extraxisset
1455 3131 1563 3177 illos
1586 3145 1750 3188 puer-oe
1774 3134 1947 3179 biduum
1964 3135 2147 3191 (accus.

177 3197 241 3240 de
272 3195 461 3249 temps).
487 3192 755 3247 Exn-altere,
782 3191 958 3236 trainer
984 3204 1044 3236 en
1072 3193 1318 3247 longueur,
1347 3204 1551 3238 amuser.
1593 3200 1872 3252 compares:
1901 3198 2153 3243 Extrakere

177 3257 354 3302 bellum
380 3257 425 3299 in
443 3257 623 3300 tertium
640 3266 797 3298 annum
815 3255 885 3309 (T.
910 3255 1035 3310 Lim,
1055 3257 1271 3311 111,2).—
1297 3254 1347 3298 Si
1366 3255 1593 3301 videretur
1615 3260 1676 3313 ei,
1707 3264 1951 3304 maturaret
1971 3261 2149 3313 venit-05

177 3331 230 3363 ee
260 3318 597 3370 ter-aiversando
625 3320 673 3361 in
692 3316 921 3361 adventum
937 3318 1036 3370 ejus
1054 3328 1149 3361 rem
1170 3321 1474 3362 extracturum
1502 3319 1575 3374 (T.
1607 3321 1727 3378 Lim,
1756 3323 1945 3379 xXle,
1965 3324 2066 3377 ⁴6).

234 3381 323 3424 17.
355 3381 609 3427 Damnabat.
642 3380 705 3425 La
724 3381 856 3434 prose
878 3380 1121 3434 classique
1131 3381 1337 3426 mettrait
1365 3379 1410 3422 le
1439 3382 1697 3437 subjonctit
1721 3383 1750 3428 a
1775 3395 1919 3429 cause
1945 3384 2008 3428 du
2026 3383 2165 3439 style.

178 3442 411 3487 indirect.
437 3442 510 3487 cr.
537 3447 614 3499 111,
634 3453 687 3498 11,
706 3447 813 3486 note
839 3446 916 3487 27.

238 3506 319 3548 18.
350 3503 569 3562 Quemque,
598 3504 708 3560 puis
743 3504 959 3548 credulos.
1003 3502 1218 3560 syllepse
1258 3521 1271 3549 :
1304 3505 1340 3549 il
1368 3516 1395 3560 y
1424 3516 1452 3549 a
1479 3504 1543 3549 ici
1578 3507 1743 3551 accord
1770 3516 1888 3550 avec
1927 3503 2062 3547 l’idee
2088 3503 2147 3548 de

179 3565 415 3624 plan-alite
441 3567 700 3613 renfermee
722 3566 837 3611 dans
864 3577 1081 3622 quemque,
1095 3567 1244 3622 plutet
1271 3567 1466 3624 qu’avec
1483 3568 1529 3611 le
1544 3574 1638 3612 mot
1664 3578 1866 3623 quemque
1890 3564 2144 3609 lui-meme.
