2517 3975
444 266 550 324 218
1208 277 1261 322 o.
1303 272 1474 316 cmm
1509 277 1647 316 mm

443 389 599 464 quod
646 402 779 461 egO‚
831 386 932 458 qui
977 383 1239 457 profugi,
1291 386 1610 457 suspectus
1654 400 1807 439 sum.
1834 403 1857 439 ι
1911 384 1985 441 At
2023 386 2149 443 haec
2178 386 2360 442 elocuto

442 481 727 536 universa
757 476 951 532 contio
976 490 1225 531 assensa
1255 477 1386 531 est:
1420 474 1680 531 lacrimae
1711 475 1922 531 deinde
1965 477 2238 533 omnibus
2269 493 2363 531 ma-

442 583 588 623 nare
618 570 942 639 coeperunt,
977 565 1122 620 adeo
1153 560 1215 618 in
1244 566 1610 619 contrarium
1634 569 1875 636 repente
1908 569 2170 637 mutatiS,
2202 570 2261 622 ut
2281 567 2364 621 hoo

439 659 637 715 solum
666 674 773 730 pro
807 673 877 713 eo
909 658 1090 724 esse-t,
1124 654 1281 726 quod
1311 654 1569 709 maxime
1599 655 1889 711 laeserat..

514 756 765 813 Juvenis
796 759 920 811 erat
967 753 1152 825 primo
1200 754 1393 808 aetatis
1433 754 1580 808 flore
1625 754 1983 824 pubescens,
2030 772 2221 828 quem,
2252 756 2368 810 inter

441 847 671 920 equites
709 844 1021 902 tormentis
1052 843 1297 899 Philotae
1344 843 1755 912 conturbatos,
1791 845 2021 900 alienus
2061 847 2257 900 terror
2289 843 2366 898 ab·

441 938 728 995 stulerat:
762 935 1062 990 desertum
1092 949 1228 988 eum
1277 950 1310 987 a
1359 933 1676 989 comitibus
1725 936 1780 988 et
1823 934 2369 990 haesitantem⁴inter

441 1026 778 1082 revertendi
807 1023 1185 1097 fugiendique
1213 1023 1546 1092 consilium,
1583 1024 1680 1094 qui
1713 1025 1904 1078 secuti
1946 1028 2133 1091 erant,
2164 1039 2367 1096 occupa·

439 1118 671 1171 verunt.
697 1115 754 1170 Is
783 1117 908 1168 tum
934 1113 1075 1168 flere
1106 1111 1278 1184 coepit
1310 1115 1365 1167 et
1399 1128 1468 1167 os
1497 1128 1673 1166 suum
1702 1114 2142 1169 converberare
2162 1116 2205 1183 ⁸,
2234 1129 2368 1169 maes—

441 1208 538 1260 tus
567 1222 686 1260 non
716 1218 886 1258 suam
918 1201 1103 1256 vicem
1124 1202 1163 1267 ⁰,
1191 1202 1299 1256 sed
1327 1204 1573 1271 propter
1604 1203 1799 1272 ipsum
1820 1201 2370 1272 periclitantiumfra-

440 1296 617 1348 trum.
651 1292 1032 1362 Moveratque
1059 1286 1181 1362 jam
1209 1305 1417 1360 regern
1438 1304 1689 1362 quoque,
1717 1306 1834 1345 non
1857 1293 2194 1347 contionem
2214 1291 2371 1354 mode,

444 1383 549 1437 sed
578 1370 731 1436 unus
762 1385 888 1437 erat
918 1379 1309 1449 implacabilis
1338 1378 1538 1443 frater,
1576 1378 1674 1451 qui
1704 1379 1956 1434 terribili
1977 1382 2145 1436 vultu
2175 1383 2372 1436 intuens

446 1488 611 1528 eum:
649 1489 671 1524 ι
720 1472 884 1539 Tum,
919 1471 1016 1535 ait,
1051 1470 1315 1536 demenS,
1349 1468 1660 1522 lacrimare
1704 1468 1995 1524 debueras
2018 1471 2055 1538 ⁷,
2090 1488 2221 1525 cum
2262 1484 2373 1541 equo

445 1562 696 1616 calcaria
729 1559 1022 1613 subderes
1041 1557 1081 1622 ⁸,
1115 1559 1363 1611 fratrum
1397 1559 1665 1611 desertor
1695 1564 1748 1611 et
1781 1559 2155 1614 desertorum
2185 1575 2369 1616 comes

446 1652 651 1719 Miser,
684 1666 798 1721 quo
830 1652 885 1703 et
916 1647 1108 1702 u11de⁹
1138 1646 1445 1717 fugiebas!
1480 1645 1748 1701 Effecisti
1780 1652 1861 1716 ut,
1888 1665 2030 1703 reus
2060 1651 2283 1719 capitis,
2306 1665 2377 1703 ae·

447 1739 747 1794 cusatoris
779 1745 978 1791 uterer
1004 1734 1280 1790 verbis.»
1319 1735 1424 1789 Ille
1463 1750 1749 1805 peccasse
1798 1752 1885 1804 se,
1918 1738 2026 1814 sed
2074 1738 2228 1794 haud
2266 1753 2374 1810 gra—

445 1831 585 1884 vius
616 1828 678 1882 in
707 1826 926 1881 fratres
956 1841 1128 1895 quam
1160 1826 1222 1879 in
1251 1825 1636 1894 semetipsum
1663 1824 1974 1883 fatebatur.

518 1928 663 1981 Tum
694 1941 838 1980 vero
869 1940 1060 1996 neque
1090 1923 1352 1978 lacrimis
1390 1938 1581 1996 neque
1620 1924 2163 1997 acclamationibus,
2197 1926 2377 2000 quibus

447 2018 642 2074 studia
660 2014 701 2044 ¹⁰
737 2031 846 2071 sua
885 2014 1191 2068 multitudo
1236 2013 1566 2083 profitetur,
1601 2017 2099 2084 temperaverunt.
2144 2017 2264 2073 Una
2286 2030 2379 2070 vox
2457 2045 2460 2064 κ,

448 2112 576 2164 erat
613 2108 743 2178 pari
785 2106 1004 2163 emissa
1047 2118 1365 2166 consensa,
1398 2106 1461 2157 ut
1502 2104 1849 2158 insontibus
1892 2109 1948 2159 et
1989 2106 2238 2161 fortibus
2264 2104 2380 2159 viris

448 2200 735 2270 parceret.
770 2195 958 2249 Amici
989 2209 1245 2264 quoque,
1278 2192 1409 2246 data
1455 2193 1879 2249 misericordiae
1910 2212 2242 2266 occasione,
2273 2208 2381 2249 con·

450 2288 728 2358 surgunt,
762 2286 1086 2353 flentesque
1117 2298 1320 2355 regem
1348 2282 1758 2353 deprecantur.
1792 2284 1913 2352 Ille,
1949 2286 2183 2341 silentio
2222 2287 2377 2341 facto:
2457 2281 2464 2294 '

459 2401 479 2429 α
515 2376 589 2431 Et
622 2377 769 2446 ipse,
805 2375 1026 2445 inquit,
1062 2375 1354 2442 Amyntan
1396 2388 1527 2427 mea
1572 2376 1866 2427 sententia
1909 2374 2241 2447 fratresque
2276 2372 2381 2445 ejus
2461 2373 2462 2376 ’

454 2466 722 2520 absolvo,
753 2462 876 2518 Vos
909 2466 1122 2528 autem,
1150 2460 1433 2533 juveneS,
1464 2459 1618 2515 malo
1656 2462 1932 2516 beneficii
1973 2467 2091 2519 mei
2122 2461 2382 2526 oblivisci,
2463 2507 2466 2532 ἱ

452 2571 627 2626 quam
655 2552 905 2626 periculi
941 2550 1118 2606 vestri
1157 2552 1526 2605 meminisse.
1560 2550 1779 2605 Eadem
1820 2552 1934 2607 fide
1964 2555 2149 2610 redite
2185 2557 2239 2610 in
2272 2566 2381 2623 gra·
2463 2533 2466 2568 *

453 2646 592 2700 tiam
624 2659 873 2711 mecum,
906 2656 1020 2714 qua
1050 2641 1179 2711 ipse
1208 2640 1525 2696 vobiscum
1553 2645 1837 2697 revertor.
1879 2642 2037 2715 Nisi,
2070 2661 2195 2716 quae
2224 2642 2380 2698 delata
2465 2653 2466 2662 ¹

505 2885 553 2931 4.
584 2884 804 2929 Haesitare
826 2884 947 2928 inter
973 2895 1031 2927 ne
1055 2895 1104 2928 se
1132 2888 1296 2927 trouve
1316 2892 1401 2937 pas
1426 2880 1452 2925 ὲ
1479 2881 1690 2937 l'epoque
1720 2883 1975 2939 classique.

505 2950 553 2995 5.
589 2949 904 2992 Converberare
925 2952 998 2990 est
1017 2945 1257 3001 poetique.

505 3017 552 3056 6.
588 3009 718 3053 Suam
736 3009 891 3053 vicem.
922 3009 1142 3052 Locution
1164 3006 1450 3053 adverbiale.
1482 3005 1625 3054 Vicem
1653 3011 1862 3070 alienius,
1894 3023 2050 3065 meam,
2079 3013 2378 3061 vestr-ammte..
2463 2995 2466 3046 ἑ

453 3085 570 3129 pour
588 3072 853 3126 quelqu’un‚
873 3082 931 3113 en
950 3083 1000 3114 se
1017 3069 1265 3113 menam-a
1289 3070 1333 3112 la
1353 3071 1485 3124 place
1506 3070 1565 3114 de
1594 3077 1863 3130 quelqu'un,
1883 3098 1935 3106 —
1955 3074 2191 3129 s‘emploie
2208 3067 2383 3115 nvecdoe
2463 3079 2466 3088 ·

452 3134 624 3180 verbes
643 3133 917 3178 intransitifs
945 3137 991 3175 et
1018 3132 1102 3176 des
1131 3131 1348 3186 adjectifs
1378 3132 1459 3187 qui
1496 3137 1770 3194 expriment
1788 3150 1852 3182 uu
1882 3136 2150 3192 sentiment,
2171 3145 2252 3180 une
2283 3132 2385 3175 emo·

454 3197 574 3241 tion.
599 3195 650 3239 In
677 3207 759 3251 qua
778 3196 845 3249 (re
863 3194 1057 3250 publica)
1087 3198 1206 3240 tuam
1234 3193 1369 3237 vicem
1391 3205 1508 3249 saepe
1524 3197 1649 3242 doleo
1676 3200 1860 3254 quod...
1895 3205 1948 3244 Je
1978 3199 2190 3254 m'afflige
2217 3193 2385 3240 souvent

454 3270 569 3315 pour
599 3257 678 3310 toi,
703 3255 729 3298 a
756 3268 897 3300 cause
918 3256 974 3299 de
1001 3256 1062 3299 toi
1084 3247 1226 3310 (dim,
1244 3253 1312 3299 Ad
1340 3256 1523 3308 Famc‘l„
1553 3262 1644 3316 xil,
1675 3274 1815 3314 xxiii,
1835 3264 1891 3317 3).
1916 3263 2195 3308 Remittimuae
2211 3258 2280 3303 lwc
2298 3252 2380 3302 tibi,

453 3333 508 3365 ne
537 3323 727 3363 nostram
751 3319 888 3362 vicem
908 3318 1119 3361 irascaris
1148 3318 1273 3373 (liv.,
1302 3321 1486 3374 xxxw,
1511 3333 1670 3377 xxxin,
1697 3325 1762 3379 6).
1789 3324 2036 3380 Sollicitus,
2065 3323 2222 3369 ati-‘cius
2253 3319 2378 3372 reipa-

453 3384 582 3427 blt'cae
600 3382 758 3427 vicem.
783 3380 964 3434 inquiet
985 3381 1046 3423 du
1068 3386 1161 3424 sort
1191 3381 1249 3423 de
1278 3376 1430 3425 l'Etat.
1531 3391 1534 3394 ’

504 3450 551 3493 7.
586 3445 820 3488 Debueras.
842 3445 927 3485 Sur
956 3447 1028 3485 cet
1060 3443 1309 3496 imparfait,
1339 3443 1405 3489 ct.
1431 3447 1506 3501 111,
1538 3458 1603 3504 iv,
1630 3454 1737 3494 note
1753 3454 1801 3497 6.

502 3513 549 3552 8.
585 3508 691 3549 Cum
709 3506 928 3547 subderes.
961 3503 1062 3546 Cum
1084 3508 1307 3557 tomporel
1330 3518 1446 3550 avec
1465 3508 1509 3552 le
1534 3510 1803 3565 subjonctif.
1835 3512 1906 3560 cf.
1932 3516 2006 3569 m,
2029 3524 2092 3565 tv.
2111 3517 2210 3558 note
2226 3509 2267 3555 3.

503 3571 550 3612 9,
585 3567 676 3617 Quo
701 3565 776 3620 (aa
798 3563 978 3617 hostes).
997 3584 1051 3595 —
1085 3564 1203 3607 Unde
1228 3566 1299 3619 (ab
1325 3567 1520 3626 amicis).

505 3632 580 3675 10.
611 3626 785 3676 Studia,
813 3633 891 3667 ses
909 3624 1207 3669 sentimenta.
