2517 3975
305 334 375 390 22

298 779 371 835 23

298 957 371 1013 24

435 212 542 268 280
1184 226 1240 271 Q.
1280 226 1450 264 cum-1
1488 225 1621 263 mm

432 334 700 409 quaedam
744 334 987 406 egisset,
1027 333 1370 390 convivium
1397 333 1420 354 '¹
1461 332 1690 403 repetit.
1736 332 1922 398 Quem
1963 331 2351 387 venerantibus

428 424 656 489 Persis,
685 422 1076 493 Polypercon,
1109 422 1210 492 qui
1251 421 1501 476 cubabat
1548 436 1732 491 super
1768 436 1968 494 regem
1987 420 2047 487 ²⁹,
2089 437 2257 476 unum
2293 436 2352 476 ex

424 512 522 567 his
548 514 748 565 mento
769 510 1205 584 contingentem
1219 510 1464 564 humum
1480 526 1588 580 per
1607 509 1929 564 ludibrium
1947 510 2122 581 coepit
2141 508 2352 574 hortari,

422 605 488 656 ut
535 600 944 656 vehementius
1000 599 1059 653 id
1116 602 1388 670 quateret
1438 599 1509 653 ad
1564 602 1803 670 terram,
1864 598 2181 671 elicuitque
2230 600 2351 652 iram

426 689 764 759 Alexandri,
795 704 971 762 quam
1020 687 1221 743 olim⁸⁰
1264 688 1460 742 animo
1503 704 1718 758 capere
1762 703 1881 742 non
1908 692 2155 758 poterat.
2185 688 2349 758 Itaque

423 795 566 835 rex:
604 801 628 828 α
659 779 747 833 Tu
775 781 990 847 autem,
1030 778 1244 848 inquit,
1277 792 1399 831 non
1427 776 1810 832 veneraberis
1834 778 1977 832 me?
2007 778 2103 831 An
2130 778 2233 832 tibi
2267 774 2345 829 uni

423 867 591 939 digni
618 867 888 922 videmur
904 865 943 893 ⁸'
976 881 1112 921 esse
1159 864 1456 919 ludibrio?
1487 887 1512 914 ι
1546 865 1649 921 Ille
1684 888 1707 914 «
1742 882 1852 921 nec
1883 881 2093 938 regem
2129 863 2348 919 ludibrio

425 973 535 1012 nec
562 972 629 1011 se
653 956 991 1024 contemptu
1029 954 1279 1026 dignum
1310 969 1443 1009 esse
1478 977 1501 1003 ι»
1536 954 1858 1026 respondit.
1885 954 2034 1008 Tum
2061 954 2348 1010 detractum

425 1060 559 1100 eum
587 1045 738 1100 lecto
760 1044 781 1064 *
808 1058 915 1097 rex
942 1042 1272 1113 praecipitat
1301 1041 1626 1112 interram,
1649 1047 1726 1111 et,
1749 1059 1880 1096 cum
1909 1043 1965 1096 is
1992 1058 2216 1113 pronus
2242 1057 2347 1096 cor-

423 1132 682 1188 ruisset:
736 1154 759 1179 u
792 1130 1070 1196 Videsne,
1122 1130 1330 1202 inquit,
1383 1129 1538 1184 idem
1585 1133 1641 1185 te
1686 1129 1921 1197 fecisse,
1950 1131 2113 1201 quod
2160 1131 2218 1184 in
2257 1129 2347 1182 alio

421 1220 594 1291 paulo
624 1223 758 1275 ante
785 1219 1068 1275 ridebas?
1103 1241 1125 1268 ι»
1160 1219 1234 1274 Et
1271 1219 1424 1274 tradi
1452 1234 1526 1273 eo
1565 1218 1626 1273 in
1654 1218 1981 1275 custodiam
2017 1219 2210 1292 jusso,
2237 1233 2350 1274 con·

421 1309 648 1364 vivium
668 1308 690 1332 *
713 1309 915 1364 solvit.

1216 1493 1467 1551 CAPUT
1504 1493 1581 1546 VI

809 1663 1176 1726 Conspiration
1209 1663 1307 1712 des
1337 1675 1515 1725 pages,
1551 1687 1614 1700 —
1644 1663 1981 1713 Hermolaus.

947 1770 1011 1780 —
1037 1743 1363 1792 Arrestation
1397 1743 1461 1791 de
1494 1741 1833 1791 Callisthene.
1908 1800 1913 1808 .

1234 1883 1409 1936 (niver,
1435 1880 1516 1928 327
1523 1878 1564 1937 .)

470 2042 895 2134 ¹Polyperconti
942 2061 1179 2133 quidem
1222 2063 1452 2132 postea,
1495 2061 1780 2133 castigato
1828 2061 1948 2130 diu,
1998 2062 2266 2133 ignovit:
2299 2061 2347 2116 in

412 2150 835 2219 Callisthenen,
868 2152 1008 2206 olim
1033 2150 1399 2208 contumacia
1423 2153 1780 2220 suspectum,
1809 2150 2231 2221 pervicacioris
2262 2153 2347 2205 irae
2445 2222 2446 2225 Ἴ

410 2240 541 2296 fuit.
573 2238 761 2312 Cujus
788 2239 1095 2311 explendae
1122 2245 1355 2293 matura
1384 2239 1626 2295 obvenit
1673 2239 1923 2297 occasio,
1956 2239 2089 2295 Mos
2118 2243 2259 2308 erat,
2300 2241 2348 2293 ut

411 2330 625 2400 supra¹
653 2328 872 2384 dictum
910 2331 1020 2395 est,
1048 2326 1420 2400 principibus
1449 2326 1829 2382 Macedonum
1875 2327 2109 2383 adultos
2155 2330 2346 2385 liberos

409 2417 657 2490 regibus
685 2417 916 2472 tradere
947 2415 1019 2472 ad
1046 2417 1246 2471 munia
1274 2414 1433 2470 haud
1458 2416 1705 2470 multum
1734 2416 2065 2473 servilibus
2105 2418 2345 2472 ministe-
2443 2454 2444 2457 η

407 2505 519 2560 riis
567 2505 949 2560 abhorrentia
966 2504 1007 2558 ¹.
1056 2503 1464 2571 Excubabant,
1514 2504 1771 2558 servatis
1808 2505 2071 2559 noctium
2112 2504 2368 2569 vicibu3,'

409 2594 667 2665 proximi
723 2593 952 2648 foribus
1015 2592 1151 2665 ejus
1215 2592 1358 2647 aedis
1388 2591 1410 2620 ⁸
1465 2591 1528 2645 in
1575 2607 1691 2662 qua
1752 2608 1862 2647 rex
1928 2593 2338 2663 adquiescebat.

408 2681 527 2737 Per
569 2681 684 2737 hos
724 2682 947 2752 pelices
993 2680 1523 2736 introducebantur
1563 2681 1681 2736 alio
1739 2680 1919 2749 aditu,
1972 2697 2148 2752 quam
2190 2694 2338 2754 quem

457 2861 527 2906 29.
556 2858 693 2916 Super
718 2870 886 2913 reveni.
920 2859 989 2904 cf.
1025 2870 1087 2903 eu
1112 2858 1275 2905 vocal).
1308 2857 1488 2904 Lectus.

455 2927 528 2969 80.
554 2922 686 2975 Olim,
719 2922 883 2977 depuis
902 2924 1181 2977 longtemps.
1214 2919 1279 2964 ct.
1316 2923 1369 2976 V,
1388 2932 1432 2973 v,
1452 2925 1561 2964 note
1583 2925 1649 2965 115.

455 2986 525 3030 31.
558 2985 777 3030 Videntur.
825 2983 911 3039 Cf„
953 2995 1035 3029 sur
1076 2988 1202 3028 cette
1255 2982 1489 3038 premiere
1535 2993 1765 3038 personne
1807 2983 1874 3027 du
1920 2984 2091 3040 plui-iel
2106 3018 2122 3038 ,
2163 2987 2241 3038 m,
2279 2989 2330 3033 Vl·

404 3053 514 3092 note
552 3047 597 3091 6.

456 3112 532 3153 Vl.
557 3114 671 3152 -1.
706 3108 871 3164 snpra.
899 3112 949 3164 V,
970 3120 1005 3166 1,
1030 3109 1101 3153 42.
1390 3134 1394 3139 ·

452 3176 497 3215 Ω.
524 3170 833 3225 Almam-entia,
863 3170 892 3215 a
929 3171 1144 3227 l'epoque
1192 3170 1429 3227 classique
1483 3173 1557 3214 est
1602 3171 1832 3214 construit
1876 3182 1992 3216 avec
2035 3183 2081 3217 a.
2118 3166 2328 3215 seruerim

405 3237 546 3286 tama,
571 3236 623 3276 ut
648 3242 735 3276 nou
752 3233 909 3285 procul
933 3233 1165 3277 abhorreat
1186 3233 1239 3277 ab
1269 3232 1463 3284 insania,
1486 3232 1651 3287 qu’elle
1669 3243 1729 3276 ne
1747 3232 1911 3279 differe
1930 3234 2074 3289 guero
2096 3234 2153 3278 de
2181 3232 2224 3275 la
2237 3226 2326 3273 folio

402 3295 543 3349 (cim,
563 3294 693 3336 Rosa.
729 3293 901 3347 Amer„
922 3296 992 3348 23,
1019 3295 1110 3348 68.)

456 3359 498 3399 3.
527 3352 668 3397 AEetiae.
688 3355 750 3395 ce
770 3359 865 3396 mot
891 3366 950 3397 ne
969 3367 1021 3398 se
1050 3360 1216 3400 trouve
1245 3356 1610 3401 ordinairement
1637 3357 1773 3412 qu’eu
1800 3357 1973 3414 pluriel
1999 3369 2113 3415 pour
2139 3354 2324 3408 designer

404 3425 497 3457 une
531 3412 723 3455 reunion
749 3411 808 3454 de
839 3413 1074 3465 plusieurs
1101 3416 1275 3471 pieces.
1312 3423 1381 3463 Au
1413 3417 1658 3474 singulier,
1693 3431 1810 3473 pour
1856 3421 2073 3476 designer
2099 3431 2187 3466 une
2216 3415 2321 3471 piece

406 3473 515 3575 ‘22¹ss
549 3478 881 3526 appartement,
913 3475 946 3517 il
979 3482 1052 3519 est
1081 3478 1250 3523 ancien
1284 3486 1332 3524 et
1366 3491 1483 3525 nous
1518 3479 1625 3525 n’en
1654 3490 1803 3526 avens
1832 3493 1926 3538 que
1960 3495 2054 3538 peu
2079 3477 2318 3533 d'exomples
