2517 3975
48 1523 129 1714 'l

330 91 347 106 α’
386 105 427 134 ⁸).-

603 217 609 224 ⁴
668 250 1080 292 ·H1s·r0R1ARuu
1115 246 1449 289 ALEXANDRI
1488 252 1572 301 111,
1614 253 1671 290 v,
2098 239 2162 293 21

244 335 513 430 “fugens
537 359 874 414 sollicitudo
918 361 973 411 et
1012 373 1184 427 paene
1220 357 1349 428 jam
1396 358 1593 413 luctus
1631 359 1694 413 in
1725 361 1940 415 castris
1971 364 2092 416 erat
2111 363 2158 417 ⁸.

140 474 145 480 ·
207 447 455 504 Flentes·
495 447 922 519 querebantur,
969 447 1031 499 in
1087 448 1243 500 tanto
1296 447 1520 516 impetu
1576 464 1874 521 cursuque
1931 466 2160 520 rerum,

206 537 391 591 omnis
421 538 614 591 aetatis
658 552 723 591 ac
761 537 1059 590 memoriae
1091 532 1490 590 clarissimum
1530 553 1750 609 regem,
1786 554 1905 592 non
1948 539 2009 591 in
2041 541 2165 604 acie

164 683 167 686 Α
202 625 421 697 saltem,
447 640 570 679 non
601 625 672 679 ab
704 624 875 679 hoste
905 623 1220 695 dejectum,
1253 625 1359 678 sed
1390 625 1726 680 abluentem
1762 642 1914 697 aqua
1942 644 2164 698 corpus

201 718 457 785 ereptum
488 730 620 769 esse
666 716 722 767 et
763 714 1139 769 exstinctum.
1181 713 1413 767 Instare
1450 715 1713 782 Darium,
1742 716 2031 771 victorem
2061 734 2163 772 an-

200 807 427 874 tequam
464 801 715 857 vidisset
736 801 1016 856 hostem.
1055 801 1185 856 Sibi
1232 801 1470 856 easdem
1500 805 1707 871 terrae,
1738 821 1885 875 quas
1914 806 2163 861 victoria

2220 452 2253 503 5

199 894 636 964 peragrassent,
669 890 1016 961 repetendas
1051 905 1063 943 :
1107 891 1307 944 omnia
1349 894 1447 945 aut
1486 893 1653 961 ipsos
1690 895 1791 947 aut
1828 893 2034 949 hostes
2062 911 2165 965 po-
2250 929 2255 936 -

28 991 53 1028 ι·
104 1023 111 1030 ,
197 982 430 1052 pulatos
457 996 600 1050 zper
622 983 827 1034 vastas
862 979 1233 1047 solitudines,
1258 980 1493 1033 etiamsi
1523 997 1696 1035 nemo
1727 982 1967 1053 insequi
1995 983 2158 1051 velit,

203 1073 404 1125 euntes
450 1069 600 1123 fame
642 1073 818 1139 atque
860 1068 1061 1138 inopia
1112 1068 1398 1122 debellari
1439 1086 1640 1139 posse.
1684 1068 1870 1133 Quem
1919 1072 2161 1142 signum

196 1159 462 1213 daturum
492 1157 900 1226 fugientibus?
928 1173 1104 1227 quem
1134 1173 1415 1210 ausurum
1439 1157 1771 1212 Alexandro
1802 1159 2163 1215 succedere?

196 1249 317 1303 Jam
359 1248 468 1301 ut⁷
511 1247 583 1300 ad
627 1246 1073 1315 Hellespontum
1110 1246 1247 1317 fuga
1297 1248 1675 1316 penetrarint,
1727 1248 1996 1319 classem,
2048 1265 2162 1320 qua

195 1339 516 1404 transeant,
557 1351 728 1404 quem
771 1335 1318 1404 praeparaturum‘?
1359 1334 1588 1389 Rursus
1621 1339 1680 1389 in
1712 1337 1910 1405 ipsum
1953 1351 2162 1407 regem

197 1423 603 1480 misericordia
633 1439 830 1493 versa,
861 1423 1029 1476 illum
1058 1422 1260 1477 florem
1290 1422 1575 1495 juventae,
1605 1424 1765 1477 illam
1795 1426 1918 1478 vim
1957 1425 2159 1492 animi,

198 1514 446 1569 eundem
487 1527 692 1583 regem
730 1515 788 1566 et
829 1509 1289 1565 commilitonem
1333 1511 1536 1567 divelli
1580 1528 1612 1566 a
1654 1528 1718 1566 se
1770 1516 1827 1566 et
1867 1513 2159 1582 abrumpi,

200 1605 575 1657 immemores
605 1600 718 1664 sui,
754 1598 1183 1667 querebantur.
1885 1645 1886 1650 ,

262 1692 422 1747 Inter
449 1688 616 1743 haec⁹
643 1687 894 1741 liberius
935 1701 1132 1741 meare
1164 1685 1412 1757 spiritus
1458 1692 1719 1758 coeperat
1757 1689 2161 1758 allevabatque

199 1797 300 1833 rx
346 1778 588 1847 oculos,
639 1778 722 1845 et,
767 1776 1047 1845 paulatim
1094 1776 1380 1830 redeunte
1438 1777 1663 1844 anime,
1710 1780 2160 1841 circumstantes

146 1937 155 1946 ἲ
204 1871 419 1925 amicos
452 1868 810 1939 agnoverat:
833 1855 1152 1934 'laxataque
1182 1865 1277 1918 vis
1306 1866 1500 1919 morbi
1532 1866 1607 1921 ob
1638 1866 1751 1922 hoc
1780 1869 1972 1921 solum
2001 1867 2162 1922 vide·

203 1958 386 2026 batur,
412 1956 550 2027 quia
569 1953 1034 2026 magnitudinem
1052 1952 1188 2007 mali
1212 1952 1520 2009 sentiebat.
1547 1953 1744 2009 Animi
1765 1959 1957 2009 autem
1984 1954 2161 2027 aegri-

202 2048 334 2102 tudo
377 2061 594 2115 corpus
637 2042 908 2113 urgebat,
942 2042 1157 2113 quippe
1198 2042 1441 2097 Darium
1472 2043 1677 2113 quinto
1722 2043 1816 2097 die
1854 2043 1914 2096 in
1953 2042 2160 2098 Cilicia

204 2136 325 2192 fore
365 2133 772 2188 nuntiabatur.
810 2129 1085 2184 Vinctum
1132 2144 1277 2199 ergo
1320 2145 1386 2183 se
1430 2130 1602 2197 tradi,
1638 2133 1693 2184 et
1720 2132 1941 2183 tantam
1977 2132 2163 2185 victo-

202 2225 342 2277 riam
374 2223 525 2291 eripi
554 2220 672 2275 sibi
699 2235 770 2273 ex
801 2214 1098 2285 manibus,
1118 2217 1486 2288 obscuraque
1517 2220 1574 2283 et
1601 2217 1855 2289 ignobili
1881 2220 2069 2273 morte
2097 2219 2160 2273 in

201 2310 572 2367 tabernaculo
622 2308 921 2380 exstingui
964 2322 1029 2360 se
1074 2307 1446 2377 querebatur.
1497 2305 1909 2379 Admissisque
1953 2307 2160 2363 amicis

136 2434 145 2443 -
200 2402 411 2469 pariter
451 2415 521 2452 ac
567 2396 858 2451 medicis:
910 2415 936 2447 «ι
986 2394 1048 2448 In
1092 2411 1207 2466 quo
1249 2410 1364 2461 me,
1411 2395 1621 2465 inquit,
1665 2394 1908 2449 articulo
1962 2410 2158 2450 rerum

136 2502 145 2515 ·
200 2504 453 2545 mearum
492 2486 728 2540 fortuna
773 2482 1244 2553 deprehenderit,
1288 2483 1551 2537 cernitis,
1598 2482 1921 2552 Strepitum
1962 2482 2158 2539 hosti-

124 2642 133 2651 ,
201 2577 331 2633 lium
372 2591 676 2644 armorum
717 2572 994 2628 exaudire
1039 2572 1183 2626 mihi
1232 2571 1464 2638 videor,
1517 2575 1592 2640 et,
1645 2571 1746 2643 qui
1788 2573 1942 2628 ultro
1987 2573 2158 2627 intuli

204 2665 422 2731 bellum,
452 2665 582 2737 jam
610 2677 933 2734 provocor.
974 2661 1189 2715 Darius
1227 2676 1371 2731 ergo
1414 2675 1546 2714 cum
1588 2662 1704 2713 tam
1743 2661 2035 2730 superbas
2063 2662 2157 2717 lit-

136 2772 151 2785 ·
204 2757 346 2811 teras
365 2758 402 2784 ¹⁰
433 2754 744 2818 scriberet,
778 2752 1075 2805 fortunam
1119 2766 1312 2805 meam
1354 2750 1416 2803 in
1459 2749 1712 2804 consilio
1759 2750 1964 2805 habuit
1997 2769 2009 2807 :
2047 2753 2154 2806 sed

118 2824 147 2875 ἶ·
206 2846 565 2915 nequiquam,
591 2842 644 2895 si
676 2840 817 2893 mihi
847 2838 1091 2893 a'rbitrio
1122 2853 1255 2893 meo
1286 2837 1483 2892 curari
1503 2835 1656 2897 h'cet.
1679 2838 1864 2894 Lenta
1893 2840 2155 2895 remedia

128 2934 143 2951 ³
204 2935 252 2986 et
275 2948 492 3004 segnes
535 2930 795 2985 medicos
833 2943 953 2983 non
993 2928 1340 2998 exspectant
1367 2930 1632 2996 tempora
1663 2942 1835 2982 mea:
1869 2928 1963 3009 ve}
2001 2930 2154 2984 mori

245 3133 287 3177 6.
319 3133 582 3181 Sollicitudo
611 3135 654 3176 et
683 3132 832 3175 luctus
852 3133 948 3174 erat
977 3129 1081 3184 (cr.‚
1099 3140 1180 3174 sur
1204 3139 1259 3172 ce
1281 3128 1525 3182 singulier,
1555 3131 1627 3183 111,
1647 3141 1709 3183 vt,
1740 3133 1845 3172 note
1866 3100 1980 3183 16)..ὗ
1997 3108 2048 3179 ,ι’

245 3198 285 3241 7.
316 3199 409 3242 Iam
440 3201 489 3240 ut
515 3207 627 3239 avec
654 3195 699 3238 le
718 3192 976 3246 subjonctit
999 3208 1025 3232 ot
1053 3196 1100 3235 et
1130 3203 1189 3235 en
1218 3196 1473 3245 supposant
1491 3202 1585 3247 que
1604 3207 1648 3236 ι.

244 3260 286 3303 8.
318 3259 510 3303 Classem
531 3269 655 3313 quem
670 3260 1043 3310 praeparaturum.
1067 3258 1128 3297 La
1156 3255 1283 3297 ssotte
1312 3252 1633 3309 d'Alexandre,
1644 3263 1752 3296 sous
1775 3253 2077 3308 Amphoterus
2100 3258 2147 3296 et

199 3319 487 3375 Hegelochus,
519 3319 633 3363 etait
664 3317 976 3372 precisement
1005 3317 1060 3360 ad
1087 3327 1205 3359 oram
1233 3315 1508 3371 Hellesponti
1532 3317 1623 3371 (111,
1644 3327 1675 3370 1,
1706 3310 1787 3370 19),
1815 3327 1933 3369 pour
1959 3325 2149 3369 assumet

200 3381 259 3424 les
275 3381 689 3431 communications
709 3380 770 3424 du
799 3381 864 3423 roi
884 3390 998 3422 avec
1018 3380 1061 3421 la
1088 3377 1372 3423 macedoine.

242 3444 285 3488 9¹.
315 3446 436 3489 Inter
471 3446 563 3489 haec
590 3443 668 3498 (ci.
687 3446 761 3494 ΙΙΙ,
785 3453 819 3492 1,
848 3448 953 3485 note
970 3442 1035 3495 Ξ).
1663 3464 1676 3477 .
2011 3490 2015 3496 ⁸

247 3510 311 3554 w.
342 3506 560 3554 Litteras.
588 3508 621 3549 11
648 3504 780 3559 s'agit
802 3515 910 3549 sans
927 3505 1065 3548 doute
1093 3504 1150 3546 de
1169 3503 1215 3547 la
1241 3504 1380 3547 lettre
1407 3502 1524 3546 dans
1549 3498 1752 3556 laquelle
1786 3494 1954 3547 ndi-ius
1984 3503 2146 3545 ordon-

202 3568 286 3614 nait
303 3569 329 3614 a
345 3580 425 3616 ses
442 3576 657 3625 satrapes
677 3566 734 3612 de
752 3567 949 3611 fouetter
973 3576 1028 3610 ce
1051 3581 1078 3606 α
1104 3566 1242 3621 jeune
1272 3567 1350 3610 fou
1378 3581 1403 3608 »
1422 3562 1919 3619 (Pseudo-Callisthene,
1949 3566 1983 3613 1,
2005 3563 2090 3615 39).

2215 1952 2283 2006 10

2215 2397 2276 2453 11

2210 2839 2286 2893 13·
