2517 3975
590 267 986 306 ms'romAmm
1022 267 1361 307 snnxmnm
1399 268 1481 318 iv,
1523 269 1581 307 v.
2003 252 2073 307 69

115 378 262 449 dere,
300 380 431 431 haec
473 391 627 448 gens
657 377 887 431 litteras
930 376 1125 446 prima
1155 380 1255 430 aut
1284 376 1484 432 docuit
1512 381 1612 432 aut
1651 377 1868 432 didicit.
1900 376 2074 432 Colo-

111 469 215 521 niae
256 468 413 521 certe
461 466 590 537 ejus
615 481 786 536 paene
816 465 959 521 orbe
1006 469 1130 519 toto
1181 463 1419 521 diffusae
1469 468 1607 521 sunt
1640 481 1653 521 τ
1688 466 1985 540 Carthago
2016 467 2074 521 in

105 556 318 622 Africa,
352 556 415 608 in
434 554 655 608 Boeotia
674 554 913 622 Thebae,
937 554 1185 609 Gades¹⁰
1205 554 1280 609 ad
1300 554 1621 610 Oceanum.
1657 554 1846 610 Credo
1885 556 2073 610 libero

104 641 551 698 commeantes²⁰
578 643 748 708 mari,
784 643 1125 713 saepiusque
1163 643 1434 698 adeundo
1484 645 1704 699 ceteris
1735 645 2075 715 incognitas

104 736 318 801 terraS,
344 729 604 802 elegisse
634 730 810 785 sedes
830 731 1134 802 juventuti
1149 730 1189 798 *,
1214 746 1329 801 qua
1350 733 1487 786 tunc
1516 731 1913 800 abundabant,
1946 734 2073 787 sive

100 822 238 894 quia
261 819 493 874 crebris
530 820 792 874 motibus
822 823 1000 875 terrae
1036 850 1108 859 —
1135 836 1270 874 nam
1302 819 1412 874 hoc
1460 836 1693 891 quoque
1724 821 1976 875 traditur
2004 853 2076 861 —

100 909 360 963 cultores
391 906 524 979 ejus
572 905 802 978 fatigati
831 923 987 961 nova
1027 910 1085 962 et
1112 909 1361 961 externa
1390 907 1692 963 domicilia
1720 908 1904 963 armis
1933 908 2075 964 sibi-

100 999 219 1051 met
257 1010 532 1066 quaerere
571 996 955 1067 cogebantur.
991 995 1191 1050 Multis
1241 1010 1382 1067 ergo
1413 997 1655 1051 casibus
1688 997 1979 1064 defuncta,
2018 1002 2075 1052 et

100 1087 232 1155 post
260 1085 562 1140 excidium
590 1090 814 1157 renata,
849 1100 1006 1141 nunc
1034 1085 1288 1152 tandem,
1320 1086 1506 1157 longa
1534 1087 1728 1156 pace⁸¹
1750 1090 1961 1142 cuncta
1989 1104 2077 1143 re-

99 1176 362 1243 fovente,
396 1176 509 1229 sub
537 1176 719 1230 tutela
748 1175 1037 1229 Romanae
1065 1175 1546 1230 mansuetudinis
1576 1176 1930 1248 adquiescit.

915 1486 1166 1542 CAPUT
1220 1486 1272 1538 V

224 1661 426 1712 Darius
462 1660 714 1710 demanda
746 1662 793 1712 la
827 1663 946 1726 paix
982 1675 994 1711 τ
1031 1663 1127 1712 elle
1163 1662 1241 1712 lui
1279 1667 1360 1712 est
1400 1662 1624 1713 refusee.
1662 1689 1725 1699 —
1759 1662 1956 1747 Succes

675 1741 766 1790 des
799 1743 1112 1791 lieutenants
1145 1741 1511 1792 d'Alexandre.

965 1887 1080 1947 (stc,
1103 1892 1228 1947 332.)

175 2082 380 2136 Isdem
408 2080 591 2136 ferme
623 2080 832 2136 diebus
869 2080 1035 2136 Darii
1063 2081 1278 2136 litterae
1325 2082 1517 2136 allatae
1564 2059 1720 2152 sunt,
1752 2084 1984 2137 tandem
2019 2086 2084 2137 ut

101 2171 271 2242 regi¹
304 2170 565 2240 scriptae.
619 2169 860 2224 Petebat
910 2189 932 2221 ι
982 2169 1067 2223 uti
1115 2168 1300 2223 filiam
1330 2184 1498 2223 suam
1543 2199 1615 2210 —
1663 2169 1929 2224 Statirae²
1960 2176 2085 2226 erat

104 2274 336 2314 nomen
364 2289 434 2298 —
460 2259 684 2330 nuptiis
712 2258 1050 2313 Alexander
1071 2257 1192 2312 sibi
1221 2256 1571 2330 adjungeret
1602 2276 1615 2313 ε
1652 2258 1846 2313 dotem
1868 2257 2083 2314 offerre

107 2364 352 2406 omnem
397 2349 710 2420 regionem
740 2347 895 2401 inter
923 2345 1370 2418 Hellespontum
1399 2350 1457 2402 et
1495 2347 1719 2418 Halyn⁸
1746 2363 1973 2401 amnem
2000 2348 2084 2402 si-

102 2442 250 2503 tam,
281 2436 454 2492 inde⁴
483 2438 770 2491 orientem
789 2435 1195 2506 spectantibus
1220 2435 1401 2492 terris
1432 2438 1810 2492 contentum⁸.
1844 2436 1908 2491 Si
1935 2436 2084 2492 forte

103 2671 296 2721 xxxm,
312 2668 404 2721 13).
424 2667 573 2721 Neque
589 2664 777 2720 aleriam
795 2676 952 2719 meam,
971 2664 1159 2708 laborem
1181 2664 1359 2709 illorum
1376 2664 1540 2719 faciam
1559 2663 1738 2719 (faciam
1757 2676 1911 2719 meam,
1925 2666 2086 2720 saviam

101 2730 328 2785 illorum).
352 2734 402 2774 Je
427 2740 489 2772 ne
517 2727 632 2772 ferai
660 2739 746 2782 pas
767 2737 874 2770 mon
902 2732 1096 2781 partage
1126 2726 1184 2770 de
1209 2725 1256 2770 la
1273 2726 1446 2781 gloire;
1470 2725 1517 2781 ie
1537 2738 1597 2770 ne
1619 2727 1730 2769 ferai
1751 2738 1832 2783 pas
1857 2729 1961 2772 leur
1981 2740 2086 2783 par-

102 2797 220 2847 tage
243 2792 299 2835 de
326 2792 374 2837 la
397 2792 536 2846 peine
559 2789 857 2845 (sa11.,Ju,‹1.,
883 2790 973 2844 85).

158 2855 240 2900 19.
278 2855 435 2898 Gades.
462 2851 630 2907 Gades,
655 2852 770 2898 dans
800 2851 844 2894 la
871 2851 1062 2906 Betique
1100 2850 1368 2907 (Espagne),
1400 2851 1515 2895 dans
1542 2861 1636 2896 une
1660 2852 1807 2907 petite
1833 2851 1911 2904 ile,
1939 2851 1967 2896 ὲ
1996 2865 2087 2899 une

99 2921 248 2962 toute
267 2917 410 2970 petite
436 2915 653 2959 distance
672 2916 735 2958 du
765 2913 1024 2957 continent

152 2979 240 3023 20.
282 2978 412 3023 Credo
440 2981 742 3026 commeantes,
767 2987 898 3020 sous·
879 2975 1105 3020 ·entendu
1125 2986 1219 3019 eos.

151 3042 243 3085 21.
280 3040 395 3085 Nunc
421 3041 549 3093 [onya
568 3050 691 3094 pace.
718 3039 836 3092 voir,
857 3050 938 3082 sur
958 3037 986 3081 l‘
989 3038 1167 3093 epoque
1195 3034 1256 3081 ou
1275 3036 1426 3081 vivait
1449 3037 1617 3090 Quinte
1643 3041 1806 3093 curce,
1830 3045 1964 3083 notre
1984 3039 2089 3093 pre-

97 3103 236 3147 tace.
270 3104 331 3145 De
357 3104 406 3146 17
427 3102 455 3144 a
482 3102 535 3146 43
551 3098 692 3155 apres
715 3099 1045 3149 lesus-Christ,
1065 3100 1099 3142 il
1129 3099 1201 3152 n'y
1217 3104 1299 3143 eut
1319 3110 1401 3153 pas
1419 3099 1477 3144 de
1506 3111 1695 3154 guerre.

153 3169 222 3209 v.
267 3186 316 3196 -
337 3167 381 3211 1.
413 3164 468 3210 Ut
494 3164 604 3218 reat.
631 3163 842 3207 Allusion
871 3161 898 3205 a
924 3162 970 3205 la
988 3163 1128 3207 lettre
1157 3166 1225 3216 lv,
1267 3173 1298 3212 ι,
1331 3162 1402 3208 14.

154 3228 211 3272 2.
253 3225 446 3280 Statirae,
467 3238 525 3269 au
542 3224 730 3280 genitis.
763 3224 836 3269 cf.
862 3226 935 3276 111,
967 3236 1068 3274 xm,
1096 3228 1205 3267 note
1235 3228 1311 3269 10.

157 3291 211 3336 3.
253 3288 410 3343 Halyn.
427 3289 617 3340 L'flalys
638 3284 975 3341 (Kizil-lrmak)
995 3291 1070 3330 est
1095 3287 1138 3329 le
1164 3287 1270 3341 plus
1291 3287 1438 3340 grand
1451 3286 1604 3331 sseuve
1626 3287 1683 3330 de
1704 3287 1840 3330 l'Asie
1862 3286 2086 3330 minem-e.

114 3351 149 3391 u
171 3351 332 3404 prend
373 3360 425 3395 sa
445 3360 613 3394 source
635 3347 749 3393 dans
795 3349 1132 3393 l’Anti-Taurus
1160 3352 1208 3392 et
1255 3359 1307 3392 se
1340 3347 1457 3402 jette
1483 3349 1600 3393 dans
1635 3351 1681 3393 le
1714 3347 2020 3395 pont-Eunin.
2057 3350 2092 3389 11

117 3412 246 3454 avait
270 3411 337 3456 ete
360 3414 404 3456 la
435 3412 583 3456 limite
613 3416 747 3455 entre
766 3410 970 3465 l'empire
990 3410 1149 3464 lydien
1168 3415 1214 3453 et
1243 3410 1451 3466 l’empire
1477 3410 1799 3465 medo-perse.

168 3478 223 3520 4.
257 3473 373 3530 Iade,
393 3474 420 3518 a
445 3475 592 3530 partir
620 3474 679 3517 de
707 3478 783 3518 cet
805 3473 1008 3518 endroit.

169 3538 218 3577 5.
262 3535 526 3589 Contentum,
558 3535 848 3581 c’est-a·dire
890 3547 938 3580 se
967 3537 1069 3590 sore
1098 3539 1362 3591 contentum,
1391 3534 1660 3589 dependant
1702 3534 1759 3579 de
1796 3532 2087 3588 pollicebatur

125 3593 346 3652 impliquc
362 3599 479 3644 dans
499 3599 697 3655 petebat.

2130 1002 2195 1056 21

2140 2441 2174 2494 ιθ
