2517 3975
618 264 1014 306 msronmnuu
1048 264 1384 304 AbnxAunm
1423 265 1505 317 nr,
1545 265 1623 305 w.
2042 249 2113 302 65

173 372 381 427 Sacrum
405 385 665 443 quoque,
691 373 849 443 quod
877 373 1145 443 equidem
1174 372 1267 426 dis
1295 371 1538 426 minime
1559 370 1725 425 cordi
1754 386 1889 427 esse
1927 372 2115 427 eredi-

173 461 360 528 derim,
426 460 626 515 multis
670 462 910 517 saeculis
958 462 1368 516 intermissum
1415 459 1723 531 repetendi
1785 461 2112 516 auctores²⁹

171 548 377 619 quidam
396 551 582 618 erant,
605 550 669 603 ut
687 550 988 621 ingenuus
1004 564 1154 619 puer
1169 548 1472 604 Saturno⁸⁰
1492 548 1925 604 immolaretur:
1952 549 2112 622 quod

167 638 524 708 sacrilegium
561 638 768 693 verius
802 638 1031 709 quam³¹
1082 653 1321 694 sacrum
1348 637 1880 709 Carthaginienses
1907 653 1941 692 a
1969 652 2112 691 con-

165 726 432 781 ditoribus
477 726 753 780 traditum
800 743 989 797 usque
1036 727 1107 781 ad
1155 726 1450 782 excidium
1498 725 1670 780 urbis
1734 742 1860 781 suae
1889 726 2112 782 fecisse

163 814 427 870 dicuntur.
479 814 564 868 Ac
614 815 735 869 nisi
781 816 1056 870 seniores
1106 815 1498 885 obstitissent,
1550 829 1803 885 quorum
1858 815 2109 869 consilio

163 906 353 959 cuncta
392 902 738 974 agebantur,
780 904 1201 958 humanitatem
1249 904 1378 957 dira
1424 903 1772 973 superstitio
1829 904 2100 959 vicisset.

227 991 505 1061 Ceterum,
555 991 856 1046 efficacior
900 992 1061 1047 omni
1107 994 1230 1046 arte
1259 991 1321 1058 ³²,
1365 992 1692 1046 necessitas
1731 1008 1853 1047 non
1890 993 2111 1047 usitata
2164 1009 2182 1029 ν

161 1079 320 1135 modo
346 1078 645 1150 praesidia,
682 1080 789 1135 sed
818 1080 1086 1150 quaedam
1115 1080 1293 1134 etiam
1331 1095 1487 1134 nova
1520 1079 1805 1136 admovit.
1844 1079 2110 1151 Namque

159 1169 228 1226 ad
262 1168 608 1239 implicanda
650 1168 911 1239 navigia,
945 1185 1077 1240 quae
1124 1183 1331 1223 muros
1370 1167 1671 1233 subibant,
1702 1169 1917 1224 validis
1946 1184 2108 1224 asse·

155 1258 352 1313 ribus*
391 1256 770 1328 harpagonas
791 1257 811 1278 *
852 1258 1251 1328 illigaverant,
1286 1261 1367 1325 ut,
1399 1272 1533 1313 cum
1568 1259 1859 1312 tormento
1883 1258 1925 1286 ⁸³
1949 1258 1969 1279 *
2012 1274 2109 1312 as-

155 1363 313 1404 seres
344 1347 809 1418 promovissent,
845 1347 1042 1401 suhito
1071 1346 1288 1402 laxatis
1319 1345 1564 1401 funibus
1593 1345 1923 1417 injicerent.
1956 1347 2107 1401 Unci

154 1448 373 1507 quoque
409 1438 468 1489 et
498 1434 704 1503 falceS,
734 1451 806 1490 ex
835 1435 1024 1490 isdem
1055 1434 1363 1489 asseribus
1393 1433 1814 1504 dependenteS,
1846 1437 1944 1488 aut
1969 1450 2107 1505 pro-

149 1528 505 1597 pugnatores
535 1529 634 1579 aut
660 1525 791 1594 ipsa
813 1525 1051 1596 navigia
1072 1524 1427 1579 lacerabant.
1456 1522 1726 1593 Clipeos*
1746 1538 1889 1577 vero
1919 1538 2107 1578 aereos

149 1613 323 1668 multo
346 1613 489 1683 igne
519 1613 842 1680 torrebant,
875 1629 1024 1684 quos
1051 1612 1318 1682 repletos
1351 1611 1582 1674 fervida
1609 1627 1789 1668 arena
1827 1628 2107 1684 caenoque

150 1701 381 1755 decocto
413 1715 445 1754 e
475 1700 664 1754 muris
701 1700 900 1755 subito
944 1698 1354 1754 devolvebant.
1391 1700 1517 1755 Nec
1550 1700 1669 1754 ulla
1696 1701 1884 1770 pestis
1912 1701 2109 1771 magis

147 1789 489 1844 timebatur:
526 1789 760 1858 quippe,
791 1789 894 1843 ubi
923 1790 1168 1843 loricam
1186 1788 1228 1815 ³⁴
1249 1788 1270 1809 *
1299 1803 1629 1859 corpusque
1658 1787 1902 1844 fervens
1932 1805 2110 1844 arena

146 1880 575 1947 penetraverat,
598 1892 705 1931 nec
735 1878 854 1930 ulla
875 1877 939 1930 vi
958 1877 1152 1931 excuti
1180 1880 1427 1945 poterat,
1451 1879 1509 1933 et
1528 1876 1810 1947 quidquid
1841 1868 2112 1947 attigerat

144 1967 481 2037 perurebat,
527 1966 931 2039 jacientesque
989 1981 1179 2037 arma,
1238 1965 1512 2021 laceratis
1567 1966 1845 2021 omnibus
1902 1967 2038 2036 quis
2066 1966 2107 1994 ³⁸

143 2058 374 2127 protegi
413 2059 711 2128 poterant,
745 2053 1095 2110 vulneribus
1134 2056 1306 2109 inulti
1346 2054 1623 2126 patebant
1661 2072 1676 2109 ε
1727 2055 1933 2110 corvi*
1963 2069 2109 2109 vero

146 2147 202 2199 et
228 2143 433 2199 ferreae
469 2159 687 2198 manus
706 2144 725 2165 *
754 2145 1043 2198 tormento
1055 2143 1096 2171 ⁸⁶
1124 2144 1399 2197 remissae
1433 2141 1752 2212 plerosque
1781 2141 2107 2211 rapiebant.

938 2373 1190 2429 CAPUT
1243 2373 1322 2428 lv

862 2526 1043 2575 Prise
1108 2526 1179 2575 de
1243 2526 1391 2588 Tyr.

999 2645 1112 2705 (me,
1137 2650 1260 2704 332.)

216 2790 325 2847 His
350 2810 463 2848 rex
507 2792 788 2864 fatigatus
833 2794 1139 2858 statuerat,
1173 2792 1372 2846 soluta
1413 2789 1747 2858 obsidione,
1781 2791 2114 2863 AEgyptum
2171 2809 2199 2862 1

153 2881 366 2946 petere.
387 2881 616 2952 Quippe
638 2896 772 2936 cum
795 2881 999 2935 Asiam
1028 2880 1254 2953 ingenti
1274 2880 1586 2934 velocitate
1616 2881 2112 2949 percucurrisset,

201 3016 274 3064 29.
305 3022 536 3069 Auctore-⁹.
561 3021 726 3065 Auctor
767 3022 957 3075 (auaeo),
983 3019 1106 3064 celui
1143 3020 1223 3074 qui
1251 3030 1429 3065 avance
1457 3021 1660 3077 quelque
1690 3020 1850 3074 chose,
1880 3020 2006 3067 celui
2035 3032 2118 3078 par

158 3076 409 3128 l'inssuence
436 3086 491 3127 de
520 3086 600 3140 qui
628 3083 832 3138 quelque
854 3084 992 3126 chose
1023 3094 1073 3126 se
1104 3082 1208 3128 fait.

205 3144 273 3187 30.
308 3146 517 3199 Saturno,
539 3146 654 3190 c'est
680 3146 876 3192 moloch.

203 3205 274 3249 31.
312 3208 468 3252 Verius
487 3220 612 3264 quam
633 3219 811 3253 comme
835 3207 988 3262 potius
1006 3219 1149 3263 quam.

208 3266 277 3311 32.
310 3271 432 3325 Arte,
453 3273 627 3319 calcul.

212 3328 279 3372 33.
310 3332 547 3384 Tor-mento.
577 3334 639 3377 ici
666 3333 712 3377 la
733 3333 964 3377 machine.
997 3332 1068 3380 Cl'.
1091 3343 1174 3377 sur
1200 3336 1478 3389 tormentum,
1497 3337 1567 3388 lv,
1597 3345 1649 3384 ιι,
1674 3337 1784 3378 note
1807 3336 1854 3379 8.
1907 3360 1926 3383 .

213 3389 282 3434 34.
315 3394 510 3439 Loricam
534 3399 859 3452 penetrat.Cet
877 3395 1109 3439 accusatif
1129 3402 1201 3440 est
1231 3394 1466 3451 poetique,
1496 3402 1543 3440 et
1569 3396 1687 3439 dans
1720 3396 1766 3438 la
1790 3408 1929 3451 prose
1957 3393 2118 3452 poste-

180 3447 287 3495 rieur
303 3454 331 3499 ὲ
352 3463 573 3513 Auguste.
606 3458 811 3513 Illyre'cos
826 3462 1063 3513 penetrare
1088 3458 1214 3501 sinus
1243 3459 1408 3514 (Virg.,
1430 3457 1557 3510 Αἶπυ
1587 3462 1620 3509 1,
1648 3457 1767 3512 243).

219 3512 288 3558 35·
319 3518 423 3568 Quis
452 3530 630 3565 comme
659 3522 832 3576 quibus.
849 3521 917 3564 Cf.
942 3523 1016 3570 111,
1038 3530 1088 3567 ιι.
1110 3526 1218 3563 note
1236 3526 1283 3564 8.

220 3575 290 3624 36.
322 3580 555 3638 Tormenta,
579 3595 696 3640 pour
718 3584 963 3636 tormentis,
981 3587 1055 3628 est
1070 3583 1307 3638 poetique.
