2517 3975
583 275 974 314 msa-onmium
1010 276 1363 326 ALEXANDRI,
1402 278 1463 326 x,
1501 278 1628 314 vm.
1987 264 2090 315 377

910 508 1165 566 CAPUT
1201 510 1335 564 VIII

283 661 558 711 Perdiccas
588 661 778 723 bloque
804 661 1088 722 Babylone.
1116 686 1181 696 —
1207 657 1613 709 Reconciliation
1644 667 1953 725 apparente.

989 788 1104 848 (itte,
1125 792 1251 848 323.)

208 956 287 1010 At
316 954 613 1026 Meleager
642 969 850 1024 regem
879 968 1123 1008 monere
1155 970 1276 1008 non
1314 953 1539 1009 destitit
1558 954 1669 1026 jus
1697 954 1927 1025 imperii
1954 956 2101 1009 Per-
2155 961 2181 1015 1

139 1043 326 1097 diccae
375 1046 561 1096 morte
607 1041 992 1095 sanciendum
1032 1056 1213 1095 esse:
1256 1063 1279 1088 «
1326 1042 1404 1095 Ni
1452 1046 1768 1112 occupetur
1813 1043 2101 1113 impotens

139 1134 394 1198 animus,
428 1147 526 1185 res
558 1133 928 1184 novaturum.
960 1130 1302 1184 Meminisse
1337 1131 1504 1184 eum¹
1536 1131 1676 1201 quid
1707 1132 1776 1186 de
1806 1147 1945 1203 rege
1972 1148 2100 1187 me-
2154 1143 2188 1196 2

136 1221 383 1285 ruisset,
417 1220 713 1273 neminem
742 1222 934 1272 autem
966 1218 1021 1272 ei
1049 1219 1197 1272 satis
1225 1218 1406 1271 fidum
1437 1235 1573 1273 esse
1603 1235 1779 1289 quem
1806 1224 2043 1277 metuat.
2073 1244 2095 1270 »

135 1311 271 1364 Rex
300 1309 639 1380 patiebatur
668 1308 863 1380 magis
893 1323 1068 1378 quam
1097 1306 1550 1360 assentiebatur.
1582 1308 1784 1379 Itaque
1806 1311 2102 1383 Meleager

134 1398 449 1453 silentium
475 1414 584 1468 pro
615 1398 863 1467 imperio
894 1396 1115 1451 habuit.
1150 1395 1331 1463 Misit,
1357 1395 1526 1467 ‚regis
1557 1398 1817 1467 nomine,
1841 1400 1943 1469 qui
1966 1401 2104 1454 Per·
2157 1412 2191 1464 3

132 1488 366 1541 diccam
398 1490 771 1541 accerserent
795 1503 807 1540 :
841 1484 1047 1539 iisdem
1075 1485 1415 1539 mandatum
1444 1486 1508 1538 ut
1537 1485 1888 1556 occiderent,
1922 1487 1977 1540 si
2003 1504 2103 1542 ve-

131 1578 273 1630 nire
320 1575 634 1630 dubitaret.
671 1575 977 1644 Perdicca,
1009 1574 1275 1628 nuntiato
1324 1573 1644 1627 satellitum
1683 1574 1958 1641 adventu,
2001 1592 2102 1631 se-

135 1665 338 1718 decim
362 1666 605 1718 omnino
626 1664 831 1733 pueris
851 1663 871 1684 *
901 1664 1083 1735 regiae
1115 1662 1380 1718 cohortis
1401 1662 1423 1683 *
1451 1663 1780 1733 comitatuS,
1811 1664 1873 1717 in
1903 1664 2102 1721 limine

128 1754 353 1807 domus
384 1769 509 1807 suae
541 1750 834 1822 constitit;
868 1749 1329 1822 castigatosque,
1365 1754 1420 1806 et
1451 1751 1731 1824 Meleagri
1768 1753 2102 1823 mancipia¹

128 1841 461 1897 identidem
490 1841 816 1911 appellanS,
851 1842 938 1894 sic
969 1841 1149 1894 animi
1178 1841 1495 1910 vultusque
1524 1844 1853 1896 constantia
1874 1841 2099 1911 terruit,

126 1934 199 1986 ut
236 1931 344 1984 vix
377 1930 594 1984 mentis
632 1933 935 2000 compotes
980 1928 1279 2003 fugerent.
1320 1929 1604 1984 Perdicca
1630 1930 2102 2003 pueros*equos
2154 1940 2191 1996 4

121 2020 324 2093 jussit
354 2021 775 2086 conscendere,
807 2022 863 2073 et
893 2035 1025 2072 cum
1051 2020 1257 2089 paucis
1285 2019 1609 2073 amicorum
1638 2020 1710 2073 ad
1739 2020 2102 2076 Leonnatum

128 2109 436 2180 pervenit,
458 2107 587 2177 jam
627 2107 884 2161 firmiore
912 2107 1192 2176 praesidio
1224 2107 1347 2160 vim
1373 2107 1857 2176 propulsaturuS,
1885 2109 1939 2162 si
1967 2111 2103 2179 quis

129 2197 399 2253 inferret.
432 2196 680 2250 Postera
720 2194 815 2249 die
862 2196 1107 2266 indigna
1155 2211 1255 2249 res
1299 2195 1724 2250 Macedonibus
1768 2196 2113 2267 videbatur,'
2154 2209 2189 2261 5

126 2285 480 2341 Perdiccam
528 2285 604 2338 ad
655 2285 863 2338 mortis
913 2283 1230 2353 periculum
1250 2283 1272 2310 ³
1323 2283 1658 2352 adductum,
1715 2288 1773 2339 et
1820 2284 2102 2356 Meleagri

127 2374 528 2430 temeritatem
570 2374 753 2427 armis
783 2374 972 2427 ultum
998 2373 1089 2426 ire
1116 2372 1520 2427 decreverant.
1553 2372 1743 2444 Atque
1780 2374 1902 2440 ille,
1943 2368 2103 2428 sedi-'
2152 2385 2189 2441 6

127 2466 300 2519 tione
331 2464 593 2531 provisa,
624 2477 756 2516 cum
794 2477 999 2533 regem
1029 2462 1301 2528 accisset,
1332 2462 1709 2533 interrogare
1739 2479 1873 2518 eum
1901 2463 2096 2533 coepit,

55 2606 66 2615 ,
129 2568 208 2606 an
227 2551 248 2577 ⁴
300 2550 643 2605 Perdiccam
692 2550 1112 2620 comprehendi
1167 2551 1298 2620 ipse
1336 2550 1650 2621 jussisset.
1708 2551 1832 2622 Ille,
1894 2550 2101 2606 Melea-

128 2640 233 2712 gri
276 2638 578 2708 instinctu,
633 2655 698 2694 se
738 2638 1000 2710 jussisse
1046 2639 1375 2710 respondit,
1421 2641 1682 2693 ceterum
1723 2656 1841 2694 non
1887 2640 2098 2695 debere

125 2728 480 2784 tumultuari
522 2743 648 2796 θοε,
706 2728 1046 2783 Perdiccam
1096 2728 1256 2782 enim
1303 2728 1528 2783 vivere.
1571 2729 1777 2798 Igitur,
1827 2730 2103 2786 contione
2150 2741 2185 2799 7

124 2818 409 2884 dimissa,
438 2817 728 2890 Meleager
758 2817 1017 2886 equitum
1045 2816 1301 2869 maxime
1333 2815 1692 2871 defectione⁸
1718 2819 2092 2888 perterritus,

125 2909 427 2977 inopsque
457 2905 691 2960 consilii
718 2935 790 2946 ·-
817 2905 1029 2977 quippe
1066 2905 1129 2959 in
1174 2905 1372 2974 ipsum
1420 2905 1744 2976 periculum
1766 2906 2096 2976 'reciderat,

125 2995 293 3068 quod
341 2995 579 3049 inimico
617 2995 795 3065 paulo
845 2997 976 3048 ante
1019 2993 1352 3049 intenderat
1388 3021 1461 3036 —
1500 2993 1763 3049 triduum
1805 2995 1928 3050 fere
1965 3012 2101 3051 con-

124 3084 392 3154 sumpsit
419 3083 639 3138 incerta
668 3083 918 3138 consilia
954 3082 1268 3138 volvendo·

204 3172 282 3228 Et
307 3173 564 3244 pristina
593 3173 833 3244 quidem
870 3172 1054 3243 regiae
1080 3172 1311 3240 species
1339 3172 1634 3238 manebat,
1667 3177 1888 3229 namet
1919 3175 2099 3247 legati
2152 3192 2186 3245 8

184 3353 307 3396 vm.
339 3371 393 3381 —-
422 3354 461 3393 1.
489 3349 620 3393 Eum.
652 3349 909 3402 perdiccas,
938 3350 1067 3404 sujet
1094 3348 1149 3391 de
1169 3347 1442 3394 meminisse.

184 3418 234 3455 2.
267 3410 511 3464 Mancipia,
533 3410 761 3454 esclaves.

183 3477 235 3517 3.
269 3472 541 3517 PerIculum.
574 3472 646 3517 cf.
675 3476 744 3527 lv,
766 3485 835 3528 lx,
864 3478 971 3517 note
995 3475 1071 3517 20.

184 3533 233 3579 4.
267 3533 547 3586 Interroaare
568 3545 644 3578 an.
680 3534 765 3589 An,
794 3536 834 3578 si
862 3546 982 3582 ne...
1013 3547 1117 3590 pas.
1151 3535 1223 3580 Cf.
1249 3538 1320 3586 lv,
1342 3547 1409 3591 ix,
1439 3540 1547 3578 note
1575 3535 1646 3582 34.

183 3600 233 3640 5.
268 3593 481 3649 Equitum
506 3594 764 3650 desectione,
791 3598 844 3649 X,
863 3608 945 3649 vu,
974 3596 1029 3640 20
