2517 3975
609 232 999 271 ms‘ronunuu
1036 230 1390 283 ALEXANDRI,
1431 233 1492 284 x,
1534 234 1592 268 x.
1981 213 2086 268 383

116 345 336 410 tinata3
369 342 608 415 Lyciam
644 357 775 396 cum
803 340 1146 412 Pamphylia
1174 344 1231 395 et
1268 340 1496 412 majore
1526 340 1784 412 Phrygia
1821 338 2085 393 obtinere

110 433 336 504 jussus
362 432 768 503 Antigonus⁴;
818 430 880 483 in
922 427 1154 483 Cariam
1200 429 1538 485 Cassander
1556 429 1595 496 ⁸,
1624 426 1984 483 Menander⁸
2024 426 2086 479 in

112 522 384 593 Lydiam,
415 520 607 575 missi.
639 518 962 591 Phrygiam
985 519 1289 588 minorem,
1316 518 1696 589 Hellesponto
1729 516 2083 588 adjunctam,

111 610 403 667 Leonnati
422 610 440 637 ⁷
468 609 836 680 provinciam
866 622 1003 662 esse
1035 607 1370 678 jusserunt.
1406 606 1770 677 Cappadocia
1798 604 2086 661 Eumeni⁸

110 716 255 757 cum
287 698 702 770 Paphlagonia
732 697 950 752 cessit:
985 699 1344 768 praeceptum
1374 699 1465 751 est
1500 697 1565 750 ut
1601 696 1911 766 regionem
1957 710 2086 749 eam

109 797 311 858 usque
339 786 412 840 ad
440 784 842 855 Trapezunta⁹
873 783 1219 839 defenderet
1238 787 1298 839 et
1313 779 1536 839 bellum
1556 799 1686 838 cum
1718 782 2027 837 Ariarathe
2045 782 2086 810 ¹⁰

107 879 390 950 gereret:
422 875 590 930 solus
627 874 724 928 hic
750 873 1113 929 detrectabat
1140 874 1472 944 imperium.
1492 872 1706 927 Pithon
1726 872 1761 900 ¹¹
1807 872 2080 940 Mediam,

106 964 494 1038 Lysimachus
512 963 554 990 ¹²
603 962 911 1017 Thraciam
958 962 1380 1034 appositasque
1399 962 1439 990 ¹⁸
1484 961 1753 1016 Thraciae
1809 960 2111 1016 Ponticas·

106 1058 329 1129 gentes
364 1053 633 1108 obtinere
653 1051 834 1123 jussi.
867 1050 980 1116 Qui
1010 1050 1213 1120 Indiae,
1243 1052 1462 1122 quique
1491 1051 1722 1106 Bactris
1752 1053 1809 1106 et
1843 1049 2086 1123 Sogdia·

106 1147 213 1200 nis
242 1143 575 1211 ceterisque
604 1144 704 1196 aut
730 1139 947 1195 Oceani
967 1142 1066 1194 aut
1094 1138 1279 1193 Rubri
1304 1140 1490 1194 maris
1518 1141 1738 1194 accolis
1773 1141 2083 1210 praeerant,

106 1231 339 1306 quibus
368 1230 618 1303 quisque
647 1229 864 1283 finibus
894 1228 1204 1283 habuisset
1250 1227 1588 1297 imperium,
1620 1228 1954 1283 obtinerent
1979 1228 2084 1283 de-

105 1323 345 1377 cretum
369 1321 463 1373 est
479 1318 520 1345 ¹⁴
551 1335 563 1372 :
593 1317 875 1372 Perdicca
905 1319 971 1370 ut
995 1331 1128 1371 cum
1154 1330 1294 1387 rege
1322 1320 1486 1371 esset
1534 1316 1841 1388 copiisque
1866 1331 2085 1389 praees-

103 1413 228 1478 set,
259 1423 391 1480 quse
428 1422 635 1479 regem
664 1405 1091 1476 sequebantur.

179 1496 509 1555 Credidere
535 1495 774 1567 quidam
802 1496 1152 1551 testamento
1183 1494 1509 1551 Alexandri
1555 1494 1907 1551 distributas
1946 1510 2080 1551 6666

158 1695 212 1743 4.
247 1693 491 1748 Antiano,
538 1691 612 1737 fils
640 1692 697 1737 (16
725 1690 938 1747 Philipps
968 1691 1228 1746 l’Elymiote
1275 1695 1323 1736 et
1354 1692 1465 1746 pere
1511 1692 1568 1737 de
1609 1691 1864 1737 Demetrius
1907 1690 2081 1737 Polior-

99 1759 235 1808 cete,
255 1761 336 1800 eut
361 1757 407 1799 la
425 1757 582 1810 Lycio,
611 1757 658 1798 16
683 1753 946 1808 Pamphylie
976 1758 1024 1797 et
1045 1756 1091 1798 16
1110 1754 1289 1808 grande
1314 1754 1533 1808 Phrygis.
1568 1758 1602 1797 A
1631 1757 1676 1799 la
1701 1760 1819 1798 mort
1846 1755 2079 1810 d'Antipa-

101 1829 205 1875 ter,
239 1818 401 1874 regent
423 1819 484 1861 du
503 1828 724 1872 royaume
752 1817 807 1860 de
832 1815 1111 1871 macedoine,
1136 1816 1171 1859 il
1205 1819 1362 1871 aspira
1381 1817 1408 1860 6
1437 1817 1483 1861 16
1517 1818 1844 1862 souverainete
1863 1819 1920 1861 de
1945 1819 2079 1863 l'Asie

97 1890 153 1930 et
174 1881 273 1939 prit
291 1883 340 1924 16
360 1881 467 1923 titre
487 1880 544 1923 de
569 1878 657 1924 roi.
681 1876 895 1932 Effrayes
924 1878 980 1922 de
1011 1889 1063 1921 66
1099 1879 1369 1932 puissance,
1398 1878 1637 1934 Seleucus,
1670 1879 1922 1935 Ρ16161666,
1951 1879 2080 1935 Lysi·

98 1955 302 2000 meque,
332 1942 591 1988 Cassandro
617 1953 672 1988 66
710 1939 945 1997 liguetent
972 1945 1135 1986 contre
1163 1942 1228 1986 lui
1256 1946 1306 1986 et
1333 1942 1377 1984 16
1406 1941 1703 1999 vainquirent
1729 1941 1758 1986 6
1782 1945 1914 1998 Ipsus
1942 1940 2079 2000 (301),

102 2007 172 2056 οὺ
202 2008 241 2052 11
268 2008 341 2052 fut
368 2006 467 2051 tue.

168 2076 222 2116 5.
262 2068 521 2122 Cassandra,
553 2065 626 2109 fils
664 2064 962 2121 d’Antipater,
986 2065 1240 2121 n'apparait
1268 2067 1440 2122 aupres
1467 2066 1769 2114 d'Alexandre
1801 2071 1938 2124 qu'en
1971 2067 2072 2113 325.

96 2133 259 2190 Apres
279 2133 327 2174 16
354 2134 475 2173 mort
496 2126 554 2173 (16
573 2139 657 2172 666
680 2127 806 2181 pere,
840 2128 872 2172 il
899 2128 1089 2183 disputa
1123 2129 1170 2172 16
1198 2130 1399 2184 pouvoir
1431 2128 1460 2174 ὲ,
1495 2132 1849 2186 Polysperchon,
1876 2142 1966 2186 que
1995 2142 2078 2175 son

94 2198 223 2254 pere
252 2194 378 2237 avait
405 2190 595 2235 institue
625 2188 809 2244 regent.
844 2194 910 2233 En
936 2192 1033 2245 306,
1070 2190 1105 2234 il
1128 2192 1224 2246 prit
1260 2194 1305 2236 16
1343 2193 1453 2237 titre
1489 2195 1544 2238 de
1576 2194 1664 2238 roi.
1697 2193 1805 2237 Mais
1835 2204 1891 2237 66
1923 2205 1982 2237 66
2009 2193 2081 2239 fut

90 2257 325 2316 qu'apres
369 2254 415 2299 la
453 2253 638 2298 bataille
676 2253 854 2307 d'lpsus
892 2253 1006 2307 (301)
1044 2254 1156 2308 qu’il
1194 2255 1267 2297 fut
1293 2256 1457 2300 assure
1486 2256 1544 2300 (16
1581 2258 1625 2300 la
1652 2255 1920 2311 possession
1950 2255 2009 2299 de
2035 2256 2079 2299 16

89 2318 381 2367 macedoino
404 2323 453 2361 et
474 2316 530 2361 (16
557 2316 604 2359 16
632 2314 803 2360 Grece.
828 2317 865 2358 ll
883 2320 1069 2358 mourut
1096 2327 1156 2359 en
1175 2318 1278 2362 ⁸97.

151 2389 207 2430 6.
245 2379 495 2431 Menander,
525 2375 696 2432 charge
722 2377 782 2421 (16
811 2388 1071 2432 gouverner
1111 2377 1158 2422 16
1203 2379 1368 2435 Lydis,
1414 2392 1475 2426 ne
1519 2381 1628 2436 1666
1664 2380 1808 2437 qu'un
1843 2380 1938 2426 role
1971 2380 2077 2426 bien

91 2444 282 2492 efface.

151 2510 209 2555 7.
245 2498 492 2550 Leonnatus
519 2505 707 2547 mourut
735 2496 853 2545 dans
872 2510 967 2546 une
987 2496 1192 2560 batallle‚
1212 2516 1275 2549 en
1296 2508 1397 2551 323.

149 2575 205 2616 8.
243 2567 434 2612 Eumene
457 2569 583 2609 resta
606 2569 951 2609 constamment
982 2565 1121 2609 fidele
1154 2566 1183 2609 a
1212 2567 1257 2611 la
1284 2568 1459 2612 familie
1479 2568 1801 2623 d‘Alexandre,
1833 2570 1880 2614 et
1914 2570 2079 2626 cssaya

83 2637 153 2682 de
181 2630 383 2676 resistet
402 2628 429 2672 ὸ,
456 2627 714 2672 l’ambition
741 2627 1011 2682 &Antigone
1037 2632 1084 2671 et
1110 2628 1167 2673 (16
1189 2627 1413 2676 86166666
1444 2632 1704 2688 (seleucus,
1733 2632 1843 2676 dont
1871 2644 1932 2677 ne
1950 2634 2078 2688 parle

87 2708 189 2755 pas
216 2693 389 2747 Quinte
416 2694 579 2743 curce,
617 2689 739 2734 avait
775 2701 887 2743 recu
913 2691 960 2733 16
986 2688 1235 2746 Babylonis
1263 2698 1313 2737 et
1340 2690 1412 2738 fut
1440 2695 1485 2740 16
1515 2696 1713 2751 premier
1746 2695 1813 2740 roi
1843 2696 1901 2739 (16
1927 2697 1973 2739 16
1996 2695 2076 2750 dy-

82 2758 262 2805 1166116
292 2755 377 2799 (166
404 2751 709 2806 seleucides).
738 2750 942 2796 Eumene
970 2749 1185 2797 echoua:
1204 2754 1337 2799 Ltvre
1365 2757 1392 2800 6
1419 2756 1647 2811 Antigone
1670 2764 1753 2814 par
1780 2764 1858 2802 666
1884 2758 2076 2814 propres

83 2820 301 2873 soldats,
323 2819 353 2860 il
375 2816 443 2860 rut
473 2815 564 2858 mis
593 2812 621 2857 6
650 2818 769 2858 mort
788 2825 869 2869 par
897 2825 981 2857 son
998 2814 1261 2869 vainqueur
1283 2819 1418 2873 (316).

148 2889 203 2930 9.
244 2881 540 2935 Trapezunta,
570 2875 867 2932 Trebizonde,
898 2875 1010 2920 ville
1039 2876 1270 2922 maritime
1300 2880 1356 2925 (16
1374 2880 1513 2926 1Ἀ616
1540 2882 1759 2939 Mineure,
1777 2882 1953 2927 (166616
1971 2894 2076 2940 par-

84 2948 166 2992 tie
191 2942 426 2988 orientale
446 2941 510 2985 du
537 2940 847 2982 pont-Euxin.

149 3013 232 3053 10.
267 3004 547 3055 Ariarathes,
577 3006 762 3056 satrape
790 3001 847 3045 (16
878 3002 1165 3060 cappadoce,
1188 3016 1246 3048 ne
1272 3004 1381 3060 1666
1411 3008 1553 3062 qu'un
1581 3009 1681 3053 role
1704 3007 1819 3051 bien
1847 3009 2017 3056 etrace.

150 3073 234 3116 11.
268 3068 430 3112 Pithon
459 3066 529 3108 tut
556 3063 636 3108 tue
664 3074 750 3118 par
776 3063 981 3108 Eumene
1009 3075 1069 3108 en
1089 3067 1190 3111 316.

152 3134 233 3178 12.
268 3130 529 3185 Lysimaque
555 3128 649 3182 prit
667 3125 713 3168 le
731 3126 837 3170 titre
858 3125 915 3170 de
938 3125 1006 3170 roi
1037 3127 1095 3170 de
1123 3130 1299 3174 Thrace
1329 3140 1388 3174 en
1411 3134 1512 3177 806.
1535 3132 1575 3176 11
1604 3144 1654 3177 se
1692 3135 1817 3190 ligus
1846 3145 1961 3179 avec
1989 3135 2072 3179 Se-

77 3203 291 3249 166666,
310 3190 540 3236 Ptolemae
567 3194 617 3233 et
640 3187 897 3232 Cassandra
925 3195 1086 3233 contre
1106 3192 1331 3247 Antigone
1349 3193 1430 3248 qui
1450 3194 1521 3238 fut
1548 3196 1716 3240 vaincu
1734 3197 1761 3240 6
1780 3200 1914 3253 Ipsus
1936 3198 2069 3253 (30¹).

77 3262 218 3307 Plus
241 3256 363 3309 tarci,
403 3254 438 3298 11
469 3254 539 3296 fut
559 3252 763 3307 pendant
791 3263 855 3294 un
883 3258 1086 3303 moment
1114 3253 1280 3301 maitre
1313 3256 1374 3300 du
1403 3256 1537 3301 trone
1564 3257 1622 3302 de
1648 3259 1937 3306 Macedoine.
1966 3262 2072 3304 Mais

79 3320 338 3369 Seleucus
368 3315 553 3360 envahit
573 3325 649 3357 ses
669 3312 965 3369 possessione
983 3319 1031 3357 et
1058 3315 1103 3357 le
1131 3317 1375 3371 vainquit:
1404 3318 1680 3376 Lysimaque
1702 3321 1858 3366 tomba
1884 3322 2002 3367 dans
2026 3324 2072 3367 16

79 3382 300 3430 bataille
329 3378 447 3435 (⁴281)
473 3383 519 3420 et
547 3387 631 3421 son
659 3386 882 3429 royaume
908 3386 969 3418 ne
993 3376 1060 3418 lui
1085 3377 1307 3424 surrecut
1328 3388 1431 3435 pse.

150 3451 230 3491 13.
265 3441 523 3498 Appositas,
542 3450 656 3495 pour
675 3439 861 3490 vicinas,
882 3442 955 3480 est
982 3438 1218 3495 poetique.

148 3512 231 3554 14.
268 3506 500 3549 Decretum
526 3505 593 3545 est
620 3504 692 3544 est
715 3498 946 3543 construit
976 3510 1090 3544 avec
1120 3504 1366 3549 obtinerent
1390 3518 1497 3553 sans
1525 3510 1794 3566 6661666111,
1824 3512 1930 3567 puis
1959 3512 2067 3554 avec

71 3574 217 3619 esset
245 3581 309 3615 66
337 3577 502 3622 moyen
529 3564 588 3610 de
616 3565 662 3609 16
689 3561 980 3618 coniunctiori
1004 3567 1071 3610 ut.
