2517 3975
324 501 393 579 12

326 767 395 822 13

327 1124 397 1178 14

331 1300 399 1357 15

332 1567 400 1622 16

335 2190 401 2245 17

446 288 551 343 148
1206 303 1259 348 Q.
1303 303 1470 341 cunm
1509 302 1646 340 RUFI

446 410 587 466 belli
624 410 919 465 fortunam
960 413 1061 464 aut
1097 426 1375 481 reparare
1417 426 1547 480 quae
1586 409 1778 476 amisi,
1810 412 1906 463 aut
1941 407 2174 462 honesta
2194 404 2351 458 morte

449 498 737 571 defungi?
768 500 897 553 Nisi
928 499 1075 554 forte
1097 501 1287 554 satius
1316 503 1408 555 est
1436 502 1778 568 exspectare
1801 498 2042 552 victoris
2066 494 2351 555 arbitrium,

448 592 524 659 et,
541 588 743 642 Mazaei
760 591 817 643 et
829 588 1138 643 Mithrenis
1155 589 1426 659 exemplo
1440 589 1499 655 ¹⁰,
1518 589 1849 659 precarium
1871 587 2128 657 accipere
2146 597 2355 654 regnum

449 679 703 733 nationis
734 679 932 747 unius,
960 680 1024 732 ut
1047 678 1223 749 jam¹¹
1256 678 1418 731 malit
1445 678 1543 732 ille
1574 676 1780 749 gloriae
1812 693 1935 731 suae
1970 691 2137 746 quam
2162 674 2252 728 irae
2276 670 2359 725 ob-

449 766 632 838 sequi.
664 768 787 822 Nec
816 767 871 821 di
901 766 1197 820 siverint¹²
1225 769 1289 820 ut
1317 767 1427 821 hoc
1457 767 1636 821 decus
1663 766 1779 820 mei
1808 767 2015 836 capitis
2044 768 2138 819 aut
2165 762 2360 816 demere

448 856 590 911 mihi
611 857 917 927 quisquam
950 857 1048 909 aut
1072 856 1405 909 condonare
1426 856 1620 926 possit
1643 871 1655 909 :
1684 870 1793 909 nec
1823 871 1937 928 ego
1965 856 2072 909 hoc
2090 850 2361 922 imperium

450 950 627 1000 vivus
664 947 947 1012 amittam,
986 944 1258 1015 idemque
1306 945 1415 999 erit
1444 945 1615 1016 regni
1643 945 1779 1013 mei,
1815 944 1915 1014 qui
1948 943 2206 1016 spiritus,
2232 939 2361 993 finiS.

520 1034 584 1089 Si
621 1033 715 1087 hic
747 1035 1003 1103 animuS,
1033 1024 1085 1087 si
1122 1034 1245 1088 haec
1283 1035 1398 1102 lex,
1430 1033 1576 1088 nulli
1622 1049 1741 1088 non
1783 1037 1948 1103 parta
1993 1032 2228 1087 libertas
2254 1029 2362 1085 est:

453 1138 622 1178 nemo
645 1138 676 1177 e
698 1121 866 1178 vobis
884 1121 1186 1179 fastidium
1206 1123 1609 1188 Macedonum,
1628 1138 1800 1178 nemo
1829 1123 2060 1178 vultum
2088 1118 2365 1190 superbum

454 1213 607 1266 ferre
637 1215 901 1283 cogetur.
923 1211 1043 1286 Sua
1071 1213 1282 1282 cuique
1312 1212 1548 1269 dextera
1579 1215 1676 1265 aut
1699 1211 1982 1267 ultionem
2010 1215 2091 1266 tot
2119 1209 2369 1264 malorum

453 1301 640 1372 pariet
696 1305 795 1357 aut
848 1301 1050 1356 finem.
1114 1300 1423 1373 Equidem,
1462 1317 1635 1372 quam
1678 1302 1998 1356 versabilis
2041 1300 2262 1356 fortuna
2292 1296 2365 1360 sit,

453 1389 864 1445 documentum
905 1392 1032 1462 ipse
1082 1406 1234 1460 sum,
1278 1406 1387 1444 nec
1432 1390 1725 1445 immerito
1764 1392 2037 1446 mitiores
2069 1391 2225 1445 vices
2267 1386 2370 1456 ejus

454 1485 761 1551 exspectO.
800 1480 913 1537 Sed
951 1481 1005 1534 si
1042 1480 1203 1550 justa
1241 1496 1308 1534 ac
1338 1480 1431 1550 pia
1468 1480 1623 1534 bella
1653 1481 1711 1534 di
1741 1485 2116 1549 aversantur,
2156 1476 2371 1534 fortibus

456 1572 651 1624 tamen
698 1569 848 1623 viris
894 1567 1095 1624 licebit
1143 1569 1392 1623 honeste
1439 1569 1608 1623 mori.
1649 1570 1768 1623 Per
1816 1584 1928 1642 ego
1972 1586 2088 1626 vos
2115 1570 2153 1597 ¹³
2199 1567 2372 1622 decora

455 1656 768 1728 majorum,
801 1659 902 1729 qui
946 1658 1125 1712 totius
1163 1656 1421 1712 Orientis
1459 1673 1643 1729 regna
1671 1673 1802 1711 cum
1830 1658 2196 1713 memorabili
2237 1652 2374 1709 laude

456 1749 786 1810 tenuerunt,
828 1761 936 1816 per
974 1746 1109 1800 illos
1148 1745 1389 1810 viros¹⁴,
1423 1746 1637 1815 quibus
1680 1746 2040 1816 stipendium
2078 1741 2374 1802 Macedonia

457 1833 750 1904 quondam
778 1834 927 1904 tulit,
958 1849 1066 1903 per
1094 1837 1178 1889 tot
1205 1835 1446 1888 navium
1466 1833 1486 1854 *
1516 1834 1740 1889 classes
1763 1835 1826 1887 in
1855 1835 2148 1895 Graeciam
2174 1834 2372 1894 missae,

456 1940 564 1995 per
589 1928 674 2002 tot
702 1927 921 1994 tropaea
941 1923 963 1944 *
990 1939 1215 1998 regum,
1252 1939 1357 1979 oro
1394 1925 1451 1978 et
1489 1924 1753 1979 obtestor
1782 1926 1846 1978 ut
1877 1926 2183 1981 nobilitate
2217 1923 2377 1977 vestra

456 2014 768 2086 gentisque
789 2014 829 2041 ¹⁸
868 2014 1086 2085 dignos
1134 2013 1384 2084 spiritus
1424 2014 1696 2084 capiatiS,
1741 2019 1805 2068 ut
1842 2014 2048 2069 eadem
2092 2009 2381 2071 constantia
2447 2067 2448 2072 ἵ

457 2103 809 2172 animorum,
844 2119 957 2174 qua
992 2104 1288 2173 praeterita
1335 2102 1657 2167 tolerastiS,
1701 2105 2096 2173 experiamini
2140 2095 2380 2176 quidquid
2445 2079 2453 2148 Ι

458 2191 669 2246 deinde
716 2191 841 2247 fors
887 2192 1087 2245 tulerit
1128 2209 1140 2245 ε
1180 2207 1274 2246 me
1326 2196 1482 2246 certe
1529 2192 1593 2245 in
1638 2196 1988 2261 perpetuum
2034 2198 2142 2249 aut
2175 2187 2386 2247 victoria

459 2280 705 2353 egregia
730 2280 1064 2336 nobilitabit
1092 2283 1191 2335 aut
1218 2296 1434 2352 pugna.
1469 2302 1490 2328 η
2447 2265 2448 2282 ³

1249 2457 1500 2513 CAPUT
1539 2458 1621 2512 IX

506 2584 634 2633 Avis
668 2582 936 2633 differente
972 2582 1064 2632 des
1090 2564 1360 2647 'generauit
1394 2599 1592 2649 perses.
1630 2612 1690 2621 --
1725 2585 1941 2636 perfidie
1976 2586 2042 2635 de
2075 2587 2354 2637 Nabarzane

1218 2670 1271 2714 et
1315 2663 1379 2713 de
1425 2665 1649 2714 Bessus.

1301 2765 1415 2826 (cte,
1444 2772 1571 2826 330.)

529 2895 670 2950 Haec
697 2896 927 2953 dicente
958 2897 1159 2966 Dario,
1183 2896 1493 2968 praesentis
1521 2896 1769 2967 periculi
1791 2897 2026 2968 species
2048 2899 2305 2954 omnium
2329 2895 2393 2949 si-

511 3036 575 3078 10.
605 3034 774 3090 Mazaei,
804 3035 1039 3079 Mithrenis
1065 3035 1278 3092 exemplo.
1302 3035 1368 3078 Cf.
1390 3034 1441 3087 V,
1465 3046 1496 3091 1,
1517 3034 1589 3078 44.

510 3102 580 3141 11.
620 3097 675 3140 Ut
693 3098 808 3150 jam,
836 3109 895 3140 en
923 3104 1176 3152 supposant
1204 3109 1315 3153 quc.

511 3161 582 3203 12.
617 3158 813 3203 Slverint
840 3163 906 3203 ut.
941 3160 1044 3204 Sino
1092 3172 1144 3204 se
1175 3159 1407 3205 construit
1436 3171 1550 3204 avec
1580 3171 1671 3204 une
1714 3160 1997 3214 proposition
2046 3159 2275 3204 infinitivo
2300 3164 2401 3213 pour

457 3220 648 3276 regime,
674 3232 793 3265 avec
827 3223 873 3266 le
901 3223 1160 3276 subjonctif
1184 3234 1296 3266 sans
1321 3226 1369 3266 ut
1397 3224 1550 3277 quand
1587 3223 1620 3267 il
1648 3222 1723 3267 est
1752 3221 1778 3264 a
1807 3222 2091 3276 l'imperatif,
2117 3229 2162 3266 et
2190 3220 2404 3265 rarement

457 3294 568 3328 avec
597 3283 641 3327 le
662 3284 915 3337 subjonctif
953 3285 1151 3339 precede
1179 3285 1236 3328 de
1268 3288 1336 3329 ut.
1370 3285 1522 3329 Vinum
1552 3286 1608 3328 ad
1632 3297 1681 3328 ee
1715 3285 1944 3339 importari
1968 3296 2053 3329 uon
2078 3286 2232 3329 eluunt
2261 3283 2401 3332 (Cius--

456 3347 578 3390 Bell.
631 3345 870 3395 Gall.,1v,
899 3346 964 3399 2).
999 3347 1186 3391 Reddite
1230 3360 1296 3391 nte
1338 3347 1522 3401 Danais,
1560 3348 1698 3391 sinite
1742 3346 1992 3391 instaurata
2039 3348 2225 3392 revisam
2262 3341 2405 3401 prolia
2451 3367 2452 3392 1

455 3409 628 3464 (Ἧι-8.,
654 3408 772 3466 AEn.,
799 3409 992 3461 l1,6693.

510 3476 580 3517 13.
614 3472 702 3515 Pet·
730 3482 806 3523 eoo
836 3483 930 3514 vos.
961 3474 1084 3514 Nous
1113 3483 1255 3515 avons
1282 3473 1382 3527 deja
1405 3484 1468 3516 vu
1489 3478 1612 3516 cette
1637 3472 1851 3527 termule,
1868 3476 2048 3526 lv,x1v,
2075 3477 2147 3517 215.

512 3533 583 3577 14.
617 3534 724 3575 Illos
751 3532 889 3574 viros.
927 3534 1090 3574 Darius
1110 3540 1156 3575 et
1171 3533 1450 3577 Mardonius.
1478 3535 1714 3587 Herodoto,
1740 3539 1787 3587 V,
1819 3537 1884 3585 17,
1911 3538 1990 3589 ¹83
2034 3539 2101 3586 vl,
2130 3539 2202 3579 44.

514 3599 584 3638 15.
614 3593 853 3636 Nobilitate
881 3596 1030 3636 vestra
1056 3594 1304 3647 qeutisque.
1334 3597 1603 3639 Construire
1631 3610 1643 3640 :
1670 3597 1914 3640 Nobilitate
1932 3601 2082 3641 vestra
2109 3601 2154 3640 et
2184 3594 2407 3639 nobilitate

459 3655 625 3708 uentis.
