2517 3975
259 1416 326 1470 10

257 1684 317 1739 11

259 2220 326 2274 13

259 2398 326 2452 14

385 201 486 256 174
1152 215 1206 259 Q.
1248 215 1420 254 cunm
1458 217 1595 255 nuri

382 325 556 392 fonti,
588 338 826 393 rursus,
857 322 961 377 ubi
990 321 1148 376 aliud
1172 322 1212 350 ¹³
1252 338 1323 377 os
1353 324 1547 378 amnis
1576 325 1856 394 aperitur,
1889 326 2206 381 exsistere.
2233 324 2333 379 Ita·

383 430 494 485 que
543 413 878 468 Alexander
921 413 1092 478 duos,
1137 427 1253 481 qua
1293 413 1548 467 subeunt
1595 429 1762 484 aquae
1802 418 2042 479 terram,
2074 415 2334 484 praecipi-

382 505 494 558 tari
544 501 735 573 jubet,
787 517 1037 573 quorum
1065 516 1335 572 corpora,
1375 502 1478 556 ubi
1509 518 1724 557 rursus
1781 505 2062 574 erumpit,
2114 505 2335 575 expulsa

381 593 610 659 videre,
642 593 743 663 qui
773 591 946 644 missi
977 594 1142 645 erant
1179 595 1243 645 ut
1278 592 1637 660 exciperent.

452 700 733 766 Quartum
784 698 912 770 jam
944 697 1095 752 diem
1127 697 1336 753 eodem
1392 699 1520 753 loco
1562 701 1819 770 quietem
1866 700 2041 753 militi
2095 699 2336 764 dederat,

382 806 516 844 cum
545 789 771 842 litteras
800 786 1189 855 NabarzaniS‚
1233 786 1336 855 qui
1366 786 1610 840 Darium
1643 803 1776 840 cum
1805 787 1996 842 Besso
2029 788 2340 858 intercepe-

381 880 486 946 rat,
534 877 764 946 accipit,
797 890 1047 945 quarum
1094 873 1385 929 sententia
1428 875 1554 928 haec
1589 881 1760 932 erat:
1812 899 1833 924 «
1879 875 1956 930 Se
2005 876 2187 930 Dario
2232 891 2337 929 non

382 965 570 1020 fuisse
599 963 929 1030 inimicum,
962 963 1140 1016 immo
1161 962 1357 1028 etiam,
1390 977 1523 1032 quae
1553 963 1907 1018 credidisset
1932 964 1973 991 ¹⁴
2001 963 2168 1018 utilla
2197 979 2335 1024 esse,

383 1054 676 1120 suasisse,
713 1053 792 1116 et,
843 1052 982 1124 quia
1011 1050 1184 1106 fidele
1224 1051 1540 1106 consilium
1569 1052 1701 1123 regi
1730 1052 2014 1117 dedisset,
2047 1069 2229 1124 prope
2258 1069 2338 1106 oc-

383 1144 572 1197 cisum
602 1142 672 1195 ab
704 1157 796 1195 eo,
831 1141 1112 1212 Agitasse
1154 1140 1395 1195 Darium
1426 1142 1757 1195 custodiam
1779 1142 2052 1211 corporis
2072 1143 2185 1209 sui,
2218 1158 2339 1197 con-

383 1235 469 1285 tra
493 1231 594 1301 jus
619 1229 851 1300 fasque,
885 1229 1211 1300 peregrino
1244 1228 1414 1282 militi
1442 1229 1484 1257 ¹⁸
1512 1229 1744 1284 tradere
1766 1230 1825 1298 ¹⁰,
1857 1230 2134 1284 damnata
2162 1247 2338 1301 popu-

383 1321 589 1374 larium
619 1319 754 1383 fide,
787 1334 961 1390 quam
981 1332 1089 1388 per
1111 1319 1400 1373 ducentos
1425 1321 1480 1373 et
1511 1319 1756 1390 triginta
1787 1336 1981 1374 annos
2010 1319 2340 1374 inviolatam

381 1410 625 1481 regibus
647 1410 775 1463 suis
789 1407 1230 1478 praestitissent.
1250 1406 1347 1474 Se,
1363 1407 1425 1459 in
1444 1408 1737 1477 praecipiti
1753 1414 1809 1462 et
1827 1407 2061 1462 lubrico
2079 1411 2336 1476 stantem,

382 1499 695 1553 consilium
715 1514 745 1550 a
775 1496 1058 1568 praesenti
1089 1497 1443 1551 necessitate
1474 1497 1787 1566 repetisse.
1820 1498 2065 1551 Darium
2095 1512 2337 1570 quoque,

381 1604 514 1641 cum
543 1587 859 1642 occidisset
890 1587 1154 1657 Bagoan,
1190 1586 1301 1638 hac
1335 1587 1719 1640 excusatione
1760 1587 2132 1641 satisfecisse
2159 1602 2339 1656 popu-

379 1675 624 1742 laribuS‚
672 1675 827 1747 quod
874 1675 1258 1729 insidiantem
1288 1674 1709 1729 interemisset.
1744 1675 1906 1730 Nihil
1956 1691 2088 1730 esse
2115 1674 2338 1730 miseris

380 1765 730 1820 mortalibus
771 1764 987 1834 spiritu
1036 1764 1232 1818 carius
1258 1781 1269 1817 :
1304 1779 1501 1818 amore
1532 1763 1665 1835 ejus
1708 1765 1782 1818 ad
1807 1764 2013 1818 ultima
2044 1780 2179 1820 esse
2207 1779 2336 1834 pro-

379 1855 635 1927 pulsum.
686 1854 803 1909 Sed
851 1869 921 1909 ea
959 1853 1154 1924 magis
1197 1867 1335 1908 esse
1394 1856 1681 1921 secutum,
1732 1870 1863 1924 quae
1912 1871 2065 1924 opus
2127 1853 2335 1918 fuisset,

380 1959 556 2018 quam
586 1960 718 2017 quae
749 1946 1036 2014 optasset.
1071 1941 1139 1997 In
1169 1943 1466 1997 communi
1508 1943 1838 1998 calamitate
1870 1959 2041 1998 suam
2068 1956 2336 2016 quemque

379 2034 597 2089 habere
626 2034 943 2088 fortunam.
978 2032 1042 2087 Si
1070 2034 1277 2087 venire
1308 2048 1373 2086 se
1404 2032 1666 2103 juberet,
1699 2016 1829 2087 sine
1857 2037 2014 2088 metu
2044 2049 2179 2089 esse
2208 2047 2333 2086 ven-

380 2128 577 2178 turum
606 2124 670 2179 ¹⁷.
711 2124 845 2178 Non
874 2123 1075 2177 timere
1107 2138 1178 2176 ne
1228 2121 1404 2176 fidem
1430 2122 1626 2175 datam
1669 2125 1867 2176 tantus
1896 2138 2005 2176 rex
2054 2123 2293 2177 violaret
2320 2137 2330 2172 :

382 2214 530 2269 deos
576 2230 609 2266 a
655 2214 763 2267 deo
796 2212 835 2239 ¹⁸
881 2211 1006 2265 falli
1035 2227 1156 2266 non
1187 2210 1400 2266 solere.
1444 2209 1740 2277 Ceterum,
1775 2213 1831 2265 si
1858 2211 1955 2265 cui
1986 2211 2160 2266 fidem
2190 2212 2333 2264 daret

385 2304 681 2358 videretur
730 2302 1032 2372 indignuS,
1077 2302 1260 2355 multa
1300 2300 1477 2354 exilia
1525 2302 1726 2369 patere
1768 2299 2020 2371 fugienti
2057 2300 2332 2371 :patriam

382 2408 540 2459 esse,
571 2393 924 2460 ubicumque
956 2390 1052 2443 vir
1089 2388 1261 2443 fortis
1293 2388 1494 2443 sedem
1552 2389 1671 2443 sibi
1715 2389 1981 2458 elegerit.
2021 2414 2042 2438 υ
2101 2390 2219 2445 Nec
2246 2388 2332 2441 du-

432 2682 504 2724 13.
537 2680 671 2723 Aliud
697 2691 764 2723 0⁶.
792 2681 861 2723 On
897 2676 1146 2721 attendrait
1174 2677 1377 2727 alterum,
1408 2682 1490 2718 cm·
1517 2675 1552 2718 il
1581 2686 1641 2718 ne
1668 2673 1801 2730 s’agit
1830 2685 1919 2729 que
1947 2673 2006 2719 de
2030 2675 2158 2718 deux
2181 2672 2331 2721 issueS,

380 2742 572 2787 l'entrec
604 2748 653 2787 et
680 2741 723 2784 la
751 2741 912 2785 sortie.
948 2739 1216 2793 Cependant
1261 2739 1385 2781 atius
1424 2748 1539 2792 pour
1570 2737 1689 2781 alter
1718 2749 1770 2780 se
1815 2741 1977 2780 trouve
2020 2748 2189 2780 encore
2216 2743 2328 2777 assez

381 2810 596 2848 souvent.
631 2805 775 2858 'mitur
796 2803 865 2848 lu's
893 2801 1070 2857 (Catoni
1101 2806 1147 2845 et
1177 2800 1363 2852 Caexari)
1393 2812 1550 2854 oenus,
1580 2804 1705 2850 aelaa,
1732 2797 1981 2853 eloquentia
2004 2811 2143 2853 prope
2161 2796 2331 2852 :aqualia

377 2871 516 2922 suere,
535 2867 784 2920 maom‘tudo
813 2865 958 2910 animi
982 2876 1083 2919 par,
1112 2864 1218 2908 item
1245 2863 1408 2917 adoria,
1443 2862 1520 2905 sed
1541 2861 1637 2905 alia
1665 2861 1775 2904 alii.
1803 2862 1862 2904 lls
1886 2861 2074 2904 avaient
2103 2871 2193 2904 une
2213 2856 2328 2912 &gale

380 2930 610 2984 grandem·
634 2928 796 2981 d'ame,
816 2939 907 2971 une
937 2927 1084 2982 gloire
1109 2925 1263 2979 egale,
1294 2927 1407 2967 mais
1429 2923 1679 2967 differente
1709 2923 1862 2979 (Sall.,
1882 2923 2157 2976 Catil.‚54).
2176 2945 2226 2956 -·-
2250 2920 2328 2961 Du

379 2992 564 3035 Romam·
587 3002 718 3045 super
746 2989 884 3032 atium
913 2992 1051 3041 alius,
1080 2989 1327 3032 vulneratis
1357 2986 1501 3032 tribus
1534 2986 1741 3040 Albanis,
1783 2990 2062 3041 corruerunt,
2089 2982 2330 3029 tombereut
2367 3011 2372 3018 .
2439 2977 2458 2986 “’

379 3056 472 3097 l'un
487 3066 569 3097 sur
593 3053 844 3106 l’autre(T.
875 3053 993 3106 Βία,
1026 3056 1059 3105 13
1086 3052 1180 3107 25).

433 3121 504 3161 14.
541 3116 829 3172 credidisset,
858 3120 907 3159 et
933 3115 1038 3170 plus
1069 3116 1162 3158 loin
1194 3113 1408 3167 dedisset,
1448 3110 1780 3166 praeatitt‘ssent.
1800 3113 1843 3154 le
1872 3111 2128 3167 subjonctif
2152 3112 2177 3154 a
2200 3117 2328 3153 cause

378 3180 439 3222 du
459 3179 582 3231 style
601 3178 816 3221 indirect.
836 3178 903 3222 Cf.
927 3182 1003 3229 111,
1040 3190 1088 3221 ιι.
1115 3181 1220 3220 note
1240 3182 1313 3220 27.

429 3242 502 3284 15.
536 3241 694 3289 Mutet,
713 3240 940 3293 singulier
961 3240 1188 3283 collectis.
1210 3240 1280 3283 Cf.
1318 3242 1389 3291 111,
1421 3250 1453 3293 1,
1471 3244 1579 3281 note
1591 3241 1638 3281 3.

430 3305 502 3348 16.
536 3302 742 3356 Animas-e
791 3301 985 3345 trudere.
1039 3302 1171 3355 Aqilo
1219 3312 1336 3344 avec
1386 3299 1616 3344 l'inflnitif
1661 3305 1733 3343 est
1790 3308 1908 3343 rare.
1974 3303 2043 3347 Cf.
2107 3303 2174 3355 IV,
2228 3308 2325 3345 xuni,

376 3371 481 3409 note
511 3366 581 3410 14.

431 3433 501 3472 17.
542 3428 773 3471 Venturum
806 3436 922 3481 ease,
955 3425 1123 3478 ellipse
1140 3426 1196 3469 de
1221 3438 1289 3472 se.

430 3493 501 3534 18.
534 3490 641 3540 Deo,
665 3488 858 3530 flatterie
902 3485 927 3529 a
955 3484 1177 3532 l'adresse
1218 3486 1543 3541 &Alexandr-e,
1571 3488 1651 3543 qui
1695 3489 1956 3544 pretendait
1983 3488 2235 3536 descendre
2274 3483 2322 3527 de

376 3552 569 3607 Jupiter.
601 3550 672 3594 Cf.
708 3549 781 3602 IV,
802 3561 882 3602 vu,
900 3552 974 3594 78.
