2517 3975
616 254 1011 293 nis-remmon
1048 253 1384 293 Amxmnm
1421 255 1502 302 1v,
1543 255 1647 292 xu.
2049 238 2117 292 97

200 371 342 411 suam
368 375 380 412 :
410 375 611 432 nempe
645 377 820 432 quam
847 364 974 417 scio
1005 363 1183 417 alicui
1211 362 1580 417 servorum¹⁴
1607 360 1740 432 ejus
1767 363 2110 431 nupturam.

196 446 409 503 Multum
427 466 565 507 vero
585 453 729 506 mihi
756 455 1019 523 praestat,
1045 452 1101 506 si
1122 466 1212 506 me
1242 452 1457 506 Mazaeo
1479 467 1764 523 generum
1792 451 2115 521 praeponit!

194 533 277 601 Ite,
303 540 555 595 nuntiate
577 541 701 613 regi
731 545 953 611 vestro,
986 543 1042 596 et
1070 557 1202 611 quae
1232 541 1432 594 amisit
1459 543 1517 595 et
1543 555 1674 609 quae
1701 539 1891 593 adhuc
1920 540 2117 608 habet,
2176 543 2240 596 :21

191 626 403 691 praemia
432 643 561 683 esse
579 629 722 684 belli
746 646 761 683 :
786 629 898 684 hoc
925 631 1172 700 regente
1187 629 1228 656 ¹³
1256 629 1573 698 utriusque
1601 628 1892 682 terminos
1920 627 2117 698 regni,

192 711 240 764 id
273 728 539 788 quemque
585 717 994 784 habiturum¹⁰,
1040 717 1198 788 quod
1239 717 1533 787 proximae
1562 717 1713 770 lucis
1742 716 2118 787 assignatum

193 798 392 857 fortuna
419 807 525 861 est.
562 829 584 854 ›‚
1456 800 1462 806 “

250 890 434 965 Legati
469 897 848 966 respondent,
888 911 1022 950 cum
1047 895 1273 951 bellum
1303 895 1364 948 in
1395 894 1588 948 animo
1619 893 1716 959 sit,
1759 893 1953 948 facere
1994 907 2122 947 eum
2176 898 2247 953 22

188 977 522 1051 simpliciter,
554 985 710 1054 quod
757 1000 861 1056 spe
890 985 1059 1055 pacis
1088 1000 1210 1038 non
1250 983 1674 1037 frustraretur:
1706 983 1875 1052 ipsos
1902 983 2119 1052 petere,

191 1070 244 1120 ut
267 1084 421 1139 quam
449 1073 704 1142 primum
732 1074 1098 1128 dimittantur
1117 1073 1192 1127 ad
1217 1086 1421 1144 regem
1445 1087 1459 1122 ε
1483 1086 1617 1126 eum
1643 1086 1874 1141 quoque
1903 1069 2120 1125 bellum

189 1170 366 1225 parare
392 1160 621 1218 debere.
654 1162 898 1217 Dimissi
929 1162 1201 1217 nuntiant
1228 1161 1441 1216 adesse
1471 1162 1785 1214 certamen.

936 1412 1185 1468 CAPUT
1230 1413 1342 1468 XII

494 1565 600 1614 Les
634 1564 770 1613 deux
804 1562 1003 1613 armees
1037 1577 1095 1612 se
1129 1563 1408 1627 preparent
1442 1578 1510 1613 au
1542 1563 1774 1614 combat.

893 1698 991 1751 (rin
1019 1697 1078 1742 de
1106 1696 1229 1752 rate,
1257 1697 1383 1752 331.)

242 1855 368 1910 Ille¹
415 1859 656 1929 quidem
703 1858 1019 1914 confestim
1074 1859 1356 1914 Mazaeum
1422 1875 1551 1913 cum
1611 1858 1807 1914 tribus
1865 1856 2125 1929 equitum
2183 1863 2211 1915 1

187 1943 420 2003 millibus
463 1949 538 2004 ad
582 1949 815 2017 itinera,
857 1963 987 2019 quee
1025 1948 1217 2005 hostis
1254 1949 1549 2020 petiturus
1589 1949 1735 2016 erat,
1786 1947 2127 2016 occupanda

185 2037 462 2102 praemisit.
511 2037 855 2093 Alexander
892 2038 1125 2107 corpori
1169 2038 1383 2093 uxoris
1412 2038 1543 2107 ejus
1568 2036 1752 2107 justis
1781 2035 2121 2104 persolutiS,
2182 2040 2216 2092 Ε).

190 2124 429 2196 omnique
458 2127 743 2197 graviore
773 2128 1051 2182 comitatu
1070 2127 1089 2154 ²
1137 2127 1297 2180 intra
1325 2125 1529 2181 eadem
1556 2123 1963 2178 munimenta⁸
1994 2138 2126 2176 cum

184 2213 387 2272 modico
430 2216 720 2288 praesidio
750 2216 978 2283 relicto,
1019 2215 1093 2269 ad
1130 2214 1365 2290 hostem
1403 2212 1725 2269 contendit.
1761 2213 1828 2267 In
1852 2211 1969 2265 duo
1996 2227 2131 2266 cor-
2184 2218 2219 2271 3

184 2314 283 2355 nua
322 2302 608 2359 diviserat
651 2304 921 2374 peditem,
974 2305 1211 2375 utrique
1255 2303 1425 2357 lateri
1472 2302 1668 2372 equite
1714 2300 2075 2355 circumdato
2113 2318 2126 2354 :

180 2386 577 2460 impedimenta
615 2394 1016 2463 sequebantur
1069 2408 1304 2463 agmen.
1353 2391 1740 2445 Praemissum
1760 2387 1972 2443 deinde
1996 2404 2128 2442 cum
2184 2396 2217 2449 4

184 2476 293 2533 citis
321 2482 641 2553 equitibus,
688 2481 961 2537 Menidan
993 2481 1165 2553 jubet
1203 2480 1515 2551 explorare
1554 2479 1659 2533 ubi
1687 2478 1909 2532 Darius
1941 2481 2125 2533 esset.

180 2565 254 2619 At·
285 2569 397 2638 ille,
449 2587 588 2626 cum
635 2570 890 2625 Mazaeus
928 2569 1086 2625 haud
1112 2570 1320 2640 procul
1356 2568 1749 2633 consedisset,
1782 2582 1905 2621 non
1943 2583 2129 2621 ausus

60 2711 61 2726 χ
180 2654 313 2711 ultra
339 2659 691 2728 procedere,
726 2658 875 2712 nihil
916 2658 1077 2712 aliud
1124 2673 1300 2729 quam
1330 2656 1629 2711 fremitum
1659 2656 1966 2709 hominum
1993 2656 2131 2710 hin-

56 2755 59 2832 {¹
179 2745 465 2819 nitumque
524 2763 815 2819 equorum
867 2747 1229 2802 exaudisse*
1273 2747 1523 2801 nuntiat.
1571 2744 1820 2799 Mazaeus
1876 2760 2128 2815 quoque,
2187 2751 2221 2804 5
2288 2781 2298 2790 ·

180 2836 502 2905 conspectis
541 2835 748 2906 procul
776 2834 1291 2904 ‘exploratoribuffi
1320 2834 1383 2887 in
1423 2836 1617 2887 castra
1654 2847 1721 2887 se
1761 2833 2001 2903 recepit,
2030 2833 2132 2886 ad-

50 3013 67 3108 ι
220 3023 283 3063 14.
314 3020 572 3066 Servorum.
607 3024 728 3063 Tous
764 3019 836 3063 les
865 3020 1013 3075 sujets
1043 3020 1105 3063 du
1132 3020 1218 3074 roi,
1246 3017 1399 3063 meme
1441 3018 1512 3061 les
1540 3019 1646 3073 plus
1681 3018 1819 3062 hauts
1850 3028 1907 3063 en
1937 3018 2133 3073 dignita,

176 3078 329 3127 etaient
358 3082 385 3126 a
415 3095 470 3127 sa
489 3082 766 3126 discretiori.

54 3111 67 3198 Ι
216 3142 281 3188 15.
313 3145 407 3189 Hoc
425 3145 785 3200 (sous-entendu
814 3143 939 3199 bello)
962 3148 1162 3196 regente.

214 3206 280 3248 16.
315 3207 536 3261 Quemque
562 3206 832 3252 habiturum.
867 3204 1056 3260 D’apres
1087 3206 1267 3259 l’usage
1294 3204 1547 3259 classique,
1577 3205 1608 3247 il
1638 3203 1844 3249 faudrait
1871 3207 2128 3259 utrumque.

215 3269 302 3313 1111.
334 3292 388 3300 -
416 3270 466 3314 1.
502 3268 599 3321 Ille,
620 3270 736 3312 c'est
764 3269 944 3312 Darius.

214 3328 255 3374 2.
289 3330 536 3382 Comitum,
575 3331 864 3374 c'est-a-dire
908 3329 980 3374 les
1024 3328 1246 3380 maiades,
1278 3330 1349 3372 les
1390 3329 1701 3382 prisonniers.
1730 3331 1773 3373 le
1801 3330 1954 3382 butin‚
1979 3332 2135 3372 tontes

173 3389 320 3436 choses
347 3393 542 3436 inutiles
584 3398 632 3435 et
657 3395 804 3436 meme
835 3392 1208 3443 encombrantes,
1245 3412 1302 3426 -
1330 3403 1416 3451 par
1460 3391 1724 3446 opposition
1773 3391 1800 3434 a
1826 3391 2135 3446 impedimenta

178 3450 209 3505 (ἓ
228 3454 291 3511 3),
317 3457 389 3499 les
421 3455 627 3510 bagages
652 3454 956 3498 necessaires.

214 3515 256 3562 3.
289 3517 582 3561 Munimenta.
620 3519 736 3560 Sans
764 3517 904 3560 doute
919 3518 963 3559 le
991 3520 1282 3570 eampement
1305 3516 1417 3559 dont
1437 3517 1470 3558 il
1500 3528 1527 3559 a
1554 3514 1628 3559 ete
1648 3513 1878 3568 question,
1902 3516 1971 3563 IV,
1999 3510 2130 3564 x,15.

218 3577 260 3623 4,
291 3579 561 3623 Exaudisae.
587 3577 763 3633 Ellipse
792 3578 854 3622 du
874 3578 997 3633 qu'et
1026 3577 1082 3621 de
1110 3578 1156 3621 la
1186 3577 1467 3632 proposition
1485 3577 1712 3620 infinitiva
1741 3586 1809 3619 se.

51 3755 219 3944 μ

1919 3670 1949 3715 6
