2517 3975
281 1599 314 1650 Οἵ

373 227 446 284 46
1137 246 1190 289 Q.
1231 243 1402 282 cunm
1438 244 1580 283 Rurr

370 353 710 426 perductus,
742 353 970 407 litteras
1004 352 1077 406 ad
1098 353 1499 407 Alexandrum
1530 369 1563 405 a
1593 350 1873 422 praefecto
1898 350 2168 407 Damasci
2188 354 2334 408 mis-

372 457 473 496 sas
500 441 680 494 tradit
710 440 796 507 ei;
831 457 938 494 nec
968 441 1236 495 dubitare
1266 456 1401 495 eum
1418 440 1457 507 ⁸,
1501 440 1645 511 quin
1664 440 1683 467 ³
1713 454 1945 493 omnem
1975 441 2203 511 regiam
2233 457 2342 496 su*

369 529 727 602 pellectilem
766 545 899 583 cum
926 529 1176 599 pecunia
1204 529 1483 597 traderet,
1516 528 1751 598 adjecit.
1785 528 2117 596 Parmenio,
2154 544 2344 585 assera

369 619 504 673 vari
534 634 602 672 eo
629 618 823 687 jusso,
855 618 1085 673 litteras
1114 618 1322 688 aperit,
1354 618 1415 670 in
1446 617 1622 686 quis⁴
1652 618 1781 671 erat
1806 617 2090 687 scriptum
2119 621 2180 672 ut
2211 635 2340 673 ma-

371 711 503 762 ture
532 707 1155 777 Alexanderaliqucm
1181 723 1255 761 ex
1286 707 1542 761 ducibus
1569 706 1708 759 suis
1722 706 1979 760 mitteret
2008 723 2141 761 cum
2160 723 2342 763 manu
2377 767 2380 772 ,

372 797 609 868 exigua,
646 796 742 851 cui
768 796 1044 864 traderet,
1075 811 1468 867 quaecumque
1487 803 1592 848 rex
1621 810 1808 865 penes
1836 796 2033 865 ipsum
2061 796 2342 866 reliquis·

371 888 462 941 set
494 899 507 937 :
542 886 739 955 itaque
773 886 1053 950 Mardum,
1085 886 1239 939 datis
1272 883 1613 948 comitibuS,
1646 884 1719 938 ad
1746 884 2107 955 proditorem
2131 888 2342 939 remit-

367 975 455 1029 tif.
489 973 613 1039 Ille,
659 989 691 1027 e
736 974 1017 1027 manibus
1053 973 1518 1028 custodientium
1560 972 1791 1042 lapsus,
1824 973 2178 1027 Damascum
2207 979 2348 1029 ante

366 1062 558 1116 lucem
588 1063 788 1117 intrat.
821 1063 1190 1118 Turbaverat
1232 1078 1303 1117 ea
1344 1078 1445 1116 res
1474 1062 1890 1116 Parmenionis
1920 1063 2198 1124 animum,
2242 1063 2350 1115 in-

368 1151 553 1205 sidias
616 1152 900 1219 timentia,
962 1156 1018 1206 et
1072 1151 1336 1224 ignotum
1383 1152 1497 1205 iter
1546 1152 1677 1205 sine
1726 1152 1873 1204 duce
1922 1166 2042 1204 non
2084 1150 2337 1205 audebat

366 1238 630 1308 ingredi.
669 1239 963 1294 Felicitati
999 1243 1198 1294 tamen
1245 1242 1411 1311 regis
1455 1241 1549 1293 sui
1592 1239 1876 1304 confisuS,
1915 1241 2206 1311 agresteS,
2238 1242 2340 1309 qui

368 1328 550 1382 duces
571 1328 800 1383 itineris
820 1333 1042 1396 essent,
1067 1330 1263 1399 excipi
1279 1328 1481 1399 jussit.
1508 1328 1737 1393 Quibus
1765 1328 2037 1382 celeriter
2057 1329 2338 1397 repertIS,

368 1418 576 1486 quarto
609 1417 701 1470 die
733 1417 805 1470 ad
832 1417 1043 1472 urbem
1071 1417 1365 1487 pervenit,
1412 1415 1545 1488 jam
1578 1420 1876 1471 metuente
1923 1414 2223 1486 praefecte,
2263 1431 2340 1470 ne

368 1504 485 1558 sibi
512 1503 664 1560 fides
694 1505 889 1558 habita
919 1521 1041 1559 non
1071 1507 1249 1558 esset.

439 1592 627 1663 Igitur
669 1593 839 1660 quasi
867 1608 1076 1663 parum
1108 1594 1492 1647 munimentis
1538 1594 1739 1664 oppidi
1780 1592 1993 1659 fidene,
2027 1599 2160 1646 ante
2189 1592 2343 1647 solis

369 1682 564 1734 ortum
610 1683 921 1751 pecuniam
963 1680 1189 1753 regiam
1230 1712 1303 1722 —
1341 1699 1548 1753 gazam
1595 1683 1796 1737 Persae
1836 1685 2052 1735 vocant
2091 1710 2161 1722 —
2208 1698 2344 1735 cum

365 1768 829 1839 pretiosissimis
875 1785 1073 1822 rerum
1104 1771 1122 1796 ³
1170 1769 1375 1823 efferri
1417 1770 1605 1841 jubet,
1659 1769 1863 1840 fugam
1914 1769 2226 1836 simulanS,
2275 1785 2344 1823 re

367 1872 540 1923 vera,
598 1861 663 1909 ut
716 1857 981 1927 praedam
1042 1857 1200 1912 hosti
1259 1858 1528 1912 offerret.
1588 1859 1765 1912 Multa
1837 1859 2021 1911 millia
2077 1858 2347 1911 virorum

367 1944 844 2018 feminarumque
904 1947 1289 2002 excedentem
1344 1947 1553 2019 oppido
1601 1948 2015 2018 sequebantur,
2069 1948 2348 2002 omnihus

366 2034 728 2089 miserabilis
765 2033 960 2102 turba,
1001 2038 1222 2104 praeter
1254 2051 1409 2104 eum,
1448 2035 1622 2106 cujus
1660 2036 1795 2089 fidei
1834 2036 2148 2089 commissa
2178 2036 2334 2092 erat.

366 2122 614 2194 Quippe,
647 2139 761 2193 quo
792 2123 983 2195 major
1011 2124 1368 2194 proditionis
1408 2140 1639 2178 merces
1677 2123 1850 2193 foret,
1885 2124 2146 2194 objicere
2180 2124 2347 2177 hosti

362 2213 610 2280 parabat
657 2212 975 2282 gratiorem
1028 2213 1192 2264 omni
1232 2213 1483 2281 pecunia
1528 2211 1819 2281 praedam‚
1872 2213 2104 2266 nobiles
2146 2212 2350 2277 vitoe,

364 2303 687 2369 praetorum
715 2300 879 2354 Darii
911 2301 1195 2370 conjuges
1222 2300 1585 2368 liberosque,
1610 2303 1823 2369 praetor
1848 2300 1976 2363 hoa,
2004 2299 2356 2353 Graecarum

366 2387 605 2440 urbium
650 2389 905 2457 legatOS,
953 2402 1102 2456 quos
1147 2387 1394 2455 DariuS,
1428 2388 1588 2442 velut
1627 2388 1689 2441 in
1735 2404 1868 2442 arce
1910 2387 2247 2453 tutissima„
2284 2387 2349 2440 in

365 2476 696 2544 proditoris
735 2478 1058 2546 reliquerat
1095 2476 1395 2531 manibus.
1428 2475 1752 2548 Gaugabas·
1770 2478 1968 2531 Persae
1996 2479 2201 2531 vocant
2229 2475 2348 2531 hu-

366 2564 549 2617 meris
597 2581 779 2618 onera
815 2567 1125 2635 portantes
1159 2578 1172 2618 ε
1201 2564 1264 2617 hi
1305 2581 1438 2619 cum
1475 2565 1740 2619 hiemem·
1762 2567 2015 2620 tolerare
2046 2579 2164 2618 non
2195 2580 2346 2634 pos·

366 2656 499 2708 sent
531 2683 605 2693 --
644 2654 857 2724 quippe
905 2653 1173 2724 procella
1208 2652 1405 2707 subito
1447 2655 1658 2709 nivem
1691 2655 2005 2722 effuderat,
2038 2656 2094 2708 et
2124 2653 2356 2708 humus

419 2825 466 2865 Ξ.
498 2819 610 2862 Eum
633 2820 900 2873 representa
918 2825 1177 2877 praefectum
1210 2822 1425 2872 Damasci,
1447 2827 1713 2869 autremem
1731 2835 1790 2866 on
1819 2823 1969 2866 aurait
1993 2833 2067 2873 se.

417 2883 460 2927 3.
488 2882 581 2925 Non
603 2883 807 2926 dubitare
826 2885 929 2939 quin
950 2885 1134 2940 signifle
1153 2885 1427 2930 d'ordinaire
1455 2898 1508 2929 ne
1531 2898 1617 2941 pas
1640 2887 1796 2929 deuter
1824 2897 1923 2940 que.
1949 2886 2108 2938 Quanti
2137 2884 2357 2930 dubitare

367 2943 548 3000 signifle
575 2945 747 2988 Maiter
761 2945 803 2999 ὰ,
823 2948 854 2989 il
876 2952 948 2990 est
968 2948 1160 3002 d'usage
1183 2949 1241 2993 de
1263 2949 1306 2991 le
1324 2949 1586 2992 construire
1606 2960 1719 2993 avec
1739 2948 1967 2991 l’infinitif.
1990 2948 2263 3001 Cependant
2288 2960 2352 2992 on

366 3014 528 3052 trouve
548 3008 658 3051 chez
671 3007 862 3052 Ciceron
881 3016 926 3052 et
950 3011 1062 3054 ehez
1092 3011 1232 3055 Cesar
1263 3012 1306 3053 la
1325 3012 1641 3054 construction
1662 3011 1860 3066 qu’ofsre
1887 3013 1946 3054 ici
1978 3013 2146 3063 Quinte
2167 3014 2346 3055 Cur-ce.

367 3070 471 3115 Tum
492 3082 591 3114 vero
604 3070 887 3114 dubitandum
913 3083 999 3115 non
1011 3073 1306 3127 existimavit,
1345 3073 1449 3129 quin
1487 3074 1543 3116 ad
1562 3085 1635 3117 eoa
1661 3074 2062 3128 proficisceretur..
2082 3105 2111 3123 .‚
2143 3072 2260 3127 qu’il
2285 3085 2354 3117 ne

364 3133 507 3176 fallait
532 3144 611 3187 pas
639 3132 813 3176 hesitcr
833 3133 859 3177 a
883 3136 1072 3189 partit..
1088 3167 1099 3179 .
1125 3136 1277 3191 (Cres,
1298 3136 1423 3179 Bello
1443 3135 1580 3191 Gall„
1601 3139 1659 3191 11,
1686 3138 1745 3191 2).
1770 3159 1819 3168 —
1839 3136 1981 3180 Nolite
2006 3136 2211 3178 dubitare
2235 3136 2348 3191 quin

366 3194 473 3238 kuic
486 3194 565 3237 uni
586 3195 779 3238 credatis
796 3195 960 3238 omnia.
995 3197 1225 3241 N’hesitez
1255 3209 1338 3249 pas
1369 3196 1395 3239 a
1414 3202 1637 3242 remettre
1667 3202 1767 3245 tout
1787 3202 1922 3240 entre
1943 3208 2018 3240 ses
2039 3198 2187 3239 mains
2208 3197 2348 3251 (Cim,

364 3259 452 3302 Pro
470 3257 648 3310 κακίζῃ
675 3260 825 3307 xxm,
859 3257 959 3310 68).
993 3258 1209 3311 Ailleurs,
1237 3261 1406 3311 Quinte
1434 3263 1580 3303 curce
1609 3261 1838 3305 construit.
1872 3259 2092 3311 dubitare,
2136 3258 2345 3312 hesiter,

364 3318 728 3364 contet-meinent
755 3319 782 3362 a
799 3319 998 3373 Pasage.
1024 3320 1083 3363 Ne
1099 3321 1356 3365 dubitarent
1369 3332 1612 3377 erumpere,
1645 3325 1696 3378 v,
1727 3334 1758 3377 ι,
1777 3323 1849 3368 32.
1883 3322 1956 3366 Cf.
1993 3325 2055 3371 Vl,
2080 3333 2139 3372 w,
2162 3326 2247 3375 υς
2270 3324 2348 3379 vl,

367 3394 430 3437 vl,
461 3383 540 3434 ³⁰3
566 3385 655 3435 Vll,
676 3394 758 3435 vn,
786 3382 867 3435 123
896 3383 948 3433 x,
969 3392 1071 3435 vm,
1092 3387 1137 3426 3.

417 3453 464 3488 4.
501 3443 609 3495 Quis
632 3455 810 3487 comme
829 3443 1002 3498 quibus.
1027 3438 1100 3487 et.
1119 3448 1191 3499 111,
1216 3457 1267 3500 11,
1297 3451 1404 3490 note
1421 3449 1466 3490 8.

415 3511 462 3552 5.
494 3505 846 3549 Pretiosissimis
865 3516 1029 3549 rerum.
1055 3506 1297 3562 L'adjectif
1321 3514 1486 3554 neutre
1519 3519 1637 3553 avec
1665 3520 1728 3552 un
1749 3509 1917 3564 genitis
1947 3509 2146 3565 partitif.
2169 3508 2348 3559 cf.1n,

365 3580 445 3624 vu,
461 3572 569 3611 note
589 3571 659 3615 if.
