2517 3975
576 275 975 314 ms‘romtinuu
1012 274 1347 315 nmmum
1384 275 1464 324 1v,
1507 274 1631 311 xm.
1986 255 2089 310 103

167 378 364 434 terdum
390 379 715 437 haesitare¹⁸
760 399 833 436 an
875 383 1075 451 potius
1101 384 1165 435 in
1194 381 1414 435 laevum
1444 380 1822 449 detorqueret
1852 394 2088 451 agmen.

163 467 389 523 Tandem
417 476 722 541 gravatum
753 473 936 525 animi
964 471 1256 526 anxietate
1277 486 1496 539 cerpus
1520 469 1697 524 altior
1714 484 1968 524 somnus
1989 484 2091 541 op·
2147 467 2215 520 17

160 558 365 624 pressit.

183 644 460 719 Namque,
503 649 657 704 luce·
679 652 826 713 orta,
873 649 1053 703 duces
1082 648 1156 719 ad
1186 647 1534 718 accipienda
1585 647 1837 717 imperia
1863 661 2091 702 conve-

157 739 356 801 nerant,
388 736 626 792 insolito
665 739 820 791 circa
858 738 1247 807 praetorium*
1278 736 1517 791 silentio
1556 736 1791 792 attoniti
1821 753 1836 789 z
1869 736 2090 805 quippe

154 820 279 876 alias
304 839 603 880 accersere
634 826 804 895 ipsos
832 829 889 879 et
915 824 1207 878 interdum
1235 826 1540 878 morantes
1567 824 1865 894 castigare
1894 838 2092 877 assue-

153 913 311 981 verat,
339 916 481 967 tunc
521 929 596 968 ne
640 914 846 967 ultimo
895 914 1133 984 quidem
1169 927 1370 966 rerum
1398 911 1741 966 discrimine
1773 911 2090 965 excitatum

152 1011 267 1052 esse
294 1000 655 1056 mirabantur
689 1006 746 1056 et
782 1017 903 1056 non
932 1016 1146 1056 somno
1177 1001 1507 1070 quiescere,
1542 1000 1647 1055 sed
1674 1015 1900 1069 pavore
1924 1016 2089 1054 mar-

151 1100 262 1140 cere
288 1089 621 1144 credebant.
644 1091 782 1145 Non
800 1094 998 1144 tamen
1016 1089 1332 1160 quisquam
1361 1104 1436 1142 ex
1463 1088 1810 1144 custodibus
1829 1087 1850 1108 *
1873 1103 2088 1157 corpo-

150 1175 225 1228 ris
249 1176 457 1234 intrare
488 1179 931 1233 tabernaculum
962 1177 1213 1232 audebat
1245 1191 1259 1231 :
1301 1176 1508 1247 etjam
1534 1179 1770 1246 tempus
1797 1176 2084 1238 instabat;

152 1279 244 1318 nee
269 1267 452 1335 milae,
482 1267 728 1338 injussu
758 1268 946 1333 ducis,
974 1269 1075 1321 aut
1100 1281 1260 1320 arma
1290 1280 1500 1335 capere
1527 1268 1760 1335 poterat
1787 1266 1966 1319 autin
1996 1282 2091 1321 or·-

149 1352 294 1410 dines
328 1358 435 1414 ire.
478 1360 597 1413 Diu
625 1359 938 1412 Parmenio
983 1359 1317 1420 cunctatuS,
1368 1356 1566 1409 cibum
1613 1359 1678 1409 ut
1725 1357 2002 1426 caperent
2024 1357 2084 1424 ¹⁸,

147 1441 252 1511 ipse
274 1448 635 1515 pronuntiat.
687 1447 936 1517 Jamque
978 1444 1145 1500 exire
1185 1458 1436 1498 necesse
1473 1447 1603 1498 erat
1635 1458 1647 1496 :
1679 1446 1822 1498 tunc
1852 1444 2086 1498 demum

146 1529 299 1588 intrat
324 1536 798 1605 tabernaculum;
838 1534 1179 1604 saepiusque
1211 1532 1452 1607 nomine
1477 1532 1911 1602 compellatum,
1954 1547 2086 1587 cum

146 1635 269 1676 voce
301 1640 413 1679 non
450 1627 680 1695 posset,
718 1625 878 1677 tactu
924 1622 1224 1678 excitavit.
1272 1644 1294 1669 α
1330 1620 1510 1675 Multa
1546 1621 1671 1688 lux,
1705 1622 1915 1691 inquit,
1946 1624 2037 1676 est
2067 1635 2081 1675 t

144 1707 460 1767 instructam
490 1713 678 1767 aciem
701 1712 896 1766 hostis
916 1710 1179 1765 admovit
1202 1724 1216 1764 :
1240 1712 1378 1764 tuus
1394 1710 1616 1764 miles¹'¹
1636 1710 1825 1764 adhuc
1839 1710 2086 1764 inermis

143 1804 409 1868 exspectat
449 1801 793 1871 imperium.
841 1799 960 1854 Ubi
999 1802 1090 1855 est
1125 1799 1301 1870 vigor
1346 1797 1445 1853 ille
1490 1800 1672 1853 animi
1715 1800 1842 1852 tui?
1874 1814 2084 1870 nempe

66 1944 69 1951 ι
145 1888 371 1945 excitare
396 1889 623 1961 vigiles
651 1889 832 1943 soles.
869 1910 890 1936 n

162 1960 277 2054 [Ad
302 1975 424 2034 haec
459 1977 798 2032 Alexander
829 1992 843 2031 ε
876 1980 903 2028 ἰ
936 1974 1220 2032 Credisne
1249 1992 1343 2031 me
1372 1975 1541 2047 prius
1569 1991 1845 2031 somnum
1874 1993 2085 2047 capere

142 2055 408 2136 potuisse,
474 2082 654 2139 quam
708 2066 1084 2121 exonerarim
1149 2066 1413 2120 animum
1470 2065 1895 2132 sollicitudine,
1954 2081 2084 2135 quae

147 2151 367 2218 quietem
396 2153 778 2209 morabatur?
813 2178 834 2202 »
869 2155 1225 2224 signumque
1256 2169 1474 2224 pugnae
1504 2152 1643 2207 tuba
1662 2153 1683 2174 *
1715 2153 1843 2207 dari
1877 2154 2081 2224 jussit.

144 2234 343 2296 Etcum
372 2246 439 2297 in
469 2242 671 2298 eadem
702 2240 1090 2296 admiratione
1124 2241 1438 2295 Parmenio
1466 2245 1898 2311 perseveraret,
1929 2242 2084 2311 quod

68 2353 69 2374 ÷
145 2326 365 2384 solutum
396 2347 467 2387 se
498 2331 659 2387 curis
688 2346 964 2386 somnum
1002 2331 1237 2400 cepisse
1267 2329 1520 2383 dixisset
1554 2347 1565 2383 :
1619 2348 1645 2380 α
1685 2330 1950 2397 Minime,
1989 2331 2083 2385 in-

68 2405 69 2438 ³
119 2404 258 2484 'quin
298 2422 516 2475 mirum
555 2422 690 2475 est:
734 2436 841 2492 ego
882 2419 1060 2487 enim,
1103 2435 1236 2473 cum
1275 2419 1492 2473 Darius
1538 2421 1759 2473 terram
1795 2423 1996 2475 ureret
2021 2421 2079 2490 ¹⁸,

70 2505 99 2568 f
142 2504 281 2561 vicos
320 2507 721 2577 exscinderet,
769 2509 1046 2563 alimenta
1085 2510 1514 2577 corrumperet,
1546 2509 1756 2577 potens
1797 2509 1916 2563 mei
1962 2525 2084 2564 non

143 2606 267 2649 eram
304 2611 316 2650 ε
356 2613 517 2652 nunc
546 2612 693 2651 vero
724 2597 863 2667 quid
890 2599 1170 2665 metuam,
1203 2611 1338 2649 cum
1366 2595 1493 2650 acie
1522 2593 1845 2651 decernere
1873 2595 2082 2667 paret?

143 2678 384 2755 Hercule,
416 2688 623 2741 votum
666 2701 865 2740 meum
909 2685 1194 2755 implevit.
1238 2684 1355 2739 Sed
1392 2683 1574 2755 hujus
1604 2686 1840 2740 consilii
1876 2691 2081 2757 postea

142 2782 345 2843 quoque
383 2776 535 2829 ratio
575 2775 874 2828 reddetur.
916 2773 1040 2829 Vos
1084 2774 1164 2827 ite
1209 2773 1282 2826 ad
1327 2773 1552 2843 copiae,
1585 2776 1804 2845 quibus
1831 2778 2081 2849 quisque

140 2866 374 2924 pnaeest:
421 2878 538 2935 ego
587 2862 711 2934 jam
753 2864 951 2929 ader0,
1005 2865 1061 2916 et
1107 2861 1250 2932 quid
1298 2861 1428 2915 fleri
1466 2861 1648 2916 velim
1694 2880 2011 2934 exponam.
2056 2889 2077 2915 υ

136 3104 233 3139 avec
258 3098 462 3153 l'inflnil'‚
486 3104 560 3144 est
585 3110 708 3146 rare.
726 3100 784 3145 Ut
798 3099 954 3143 statim
972 3103 1115 3143 mente
1133 3099 1350 3153 calcaret,
1370 3099 1417 3142 si
1434 3100 1616 3155 paulum
1634 3112 1708 3145 res
1725 3107 1873 3146 essent
1889 3106 2083 3160 resectae,

135 3155 271 3203 bellum
293 3173 522 3209 renovare.
557 3163 677 3216 Qu'il
696 3162 908 3217 songeait
938 3161 964 3205 a
991 3171 1337 3205 recommencer
1361 3162 1408 3205 la
1435 3174 1619 3217 guerre,
1649 3164 1692 3207 si
1721 3176 1796 3209 ses
1816 3166 2002 3211 affaires
2034 3179 2085 3211 se

136 3219 453 3268 retablissaient
472 3237 536 3269 un
557 3237 644 3279 peu
671 3228 805 3281 (Nep.
818 3256 830 3277 ‚
844 3225 999 3277 Ham„
1021 3224 1082 3276 1).

177 3287 241 3327 15.
272 3286 503 3336 Excitat-e,
540 3286 769 3331 l'inflnitit
793 3288 851 3330 de
879 3286 1118 3329 narration
1147 3285 1284 3340 apres
1312 3287 1580 3341 l'imparfait
1609 3289 1827 3343 aqitabat.
1861 3290 2085 3334 Haesitare

135 3352 194 3389 «n.
217 3347 298 3400 An,
328 3349 370 3392 si
397 3361 457 3393 ne
484 3361 586 3404 pas.
616 3349 686 3393 Cr.
709 3353 780 3403 lv,
808 3360 876 3401 tx,
894 3354 1002 3391 note
1021 3347 1089 3391 34.

177 3408 239 3453 16.
277 3410 332 3454 Ut
362 3418 564 3470 caperem
589 3413 873 3466 pronuntiat.
902 3415 990 3456 Sur
1019 3413 1065 3453 la
1093 3411 1493 3465 correspondentes
1530 3413 1612 3457 des
1640 3419 1807 3468 temps,
1839 3413 1902 3457 cr.
1943 3417 2010 3463 lv,
2036 3425 2079 3465 v,

140 3475 223 3512 note
243 3474 310 3516 13.
1409 3487 1420 3498 ·

177 3535 242 3580 1⁷.
275 3536 419 3589 ffllm,
449 3538 679 3592 singulier
705 3535 924 3582 collectis.
941 3534 1012 3580 cf.
1034 3538 1107 3590 m,
1136 3547 1168 3587 1,
1192 3541 1302 3579 note
1327 3537 1369 3580 3.
1449 3581 1460 3592 ,

181 3597 242 3638 18.
279 3597 413 3649 Quum
440 3605 609 3644 ureret.
647 3602 733 3643 Sur
761 3610 811 3642 ce
830 3597 1100 3652 subj'onctifi
1130 3599 1193 3641 cf.
1219 3602 1288 3653 m,
1315 3610 1375 3653 iv,
1406 3605 1514 3643 note
1536 3601 1582 3645 3.

2150 734 2217 788 18

2146 1088 2214 1142 19

2141 1621 2207 1676 21

2141 1976 2210 2031 22

2137 2598 2207 2652 24

2139 2777 2208 2831 25
