2517 3975
639 210 1026 250 msronunun
1063 209 1398 250 Annxmnm
1433 211 1537 264 vn,
1575 212 1659 250 111.
2029 190 2136 246 225

189 319 388 389 quippe
434 319 498 371 in
541 317 671 390 ipso
719 318 859 390 gelu
904 318 1235 374 deficientia
1279 334 1525 390 corpora
1581 317 1940 386 sternebant,
2004 332 2135 387 quae

187 423 309 460 cum
328 407 553 462 moveri
581 406 949 471 desissent¹⁰‚
972 408 1067 461 vis
1099 407 1347 479 frigoris
1379 410 1457 460 ita
1488 407 1990 479 adstringebat,ut
2010 422 2136 460 rur-

187 512 282 551 sus
326 497 399 550 ad
447 497 812 565 surgendum
862 498 1041 551 coniti
1074 512 1194 551 non
1223 500 1490 567 possent.
1535 498 1587 550 A
1629 495 2134 551 commilitonibus

184 586 480 654 torpentes
528 585 952 651 excitabantur,
988 602 1179 656 neque
1210 586 1370 640 aliud
1412 587 1740 641 remedium
1789 589 1915 640 erat
1961 600 2132 657 quam

187 676 244 726 ut
281 674 509 745 ingredi
557 675 936 744 cogerentur.
981 674 1127 728 Tum
1172 675 1428 742 demum,
1475 674 1641 728 vitali
1697 675 1896 729 calore
1953 678 2128 740 mete,

188 761 455 815 membris
485 761 703 831 aliquis
733 762 961 816 redibat
988 765 1182 833 vigor.
1215 763 1280 818 Si
1328 765 1428 832 qui
1474 764 1709 835 tuguria
1743 761 2130 817 barbarorum

189 849 335 904 adire
364 852 700 920 potuerunt,
719 851 988 905 celeriter
1006 850 1214 905 refecti
1241 855 1400 906 sunt.
1424 850 1540 904 Sed
1571 854 1730 905 tanta
1758 851 1947 922 caligo
1979 852 2128 914 erat,

188 941 244 991 ut
270 939 513 992 aedificia
544 938 703 991 nulla
735 938 848 991 alia
876 955 977 992 res
1007 955 1178 1010 quarn
1211 939 1410 993 fumus
1440 939 1796 993 ostenderet.
1821 937 1932 1003 Illi,
1963 953 2132 991 num-

191 1040 347 1096 quam
378 1031 510 1081 ante
542 1028 603 1081 in
630 1029 811 1082 terris
842 1029 973 1082 suis
1002 1028 1230 1082 advena
1266 1028 1420 1090 viso,
1447 1043 1577 1081 cum
1609 1032 1863 1082 armatos
1893 1031 2132 1096 repente

188 1118 610 1186 conspicerent,
630 1118 949 1180 exanimati
981 1123 1164 1182 metu,
1197 1116 1479 1188 quidquid
1511 1119 1573 1171 in
1604 1118 1864 1189 tuguriis
1892 1116 2133 1184 erat,af-

189 1203 460 1269 ferebant,
495 1208 557 1258 ut
588 1202 942 1274 corporibus
970 1206 1238 1274 ipsorum
1260 1209 1601 1277 parceretur
1629 1209 1890 1261 orantes,
1923 1240 1927 1245 ·

251 1294 374 1349 Rex
405 1310 618 1365 agmen
649 1295 989 1348 circumibat
1019 1295 1226 1363 pedeS,
1252 1295 1530 1364 jacentes
1558 1295 1843 1364 quosdam
1868 1294 2131 1364 erigene,

190 1385 237 1436 et
262 1383 425 1447 aliOS,
459 1399 593 1437 curn
623 1398 786 1453 aegre
817 1387 1242 1453 sequerentur,
1275 1383 1631 1437 adminiculo
1650 1383 1689 1410 ¹⁷
1720 1384 1994 1453 corporis
2041 1382 2134 1436 sui

189 1472 498 1542 excipiens.
544 1471 716 1524 Nunc
750 1471 821 1524 ad
851 1472 1038 1540 prima
1073 1472 1271 1542 signa,
1314 1486 1473 1525 nunc
1520 1472 1581 1524 in
1624 1471 1839 1536 medie,
1872 1487 2030 1524 nunc
2073 1472 2132 1523 in

188 1561 375 1614 ultimo
408 1561 660 1631 agmine,
695 1560 928 1613 itineris
958 1560 1340 1628 multiplicato
1371 1560 1596 1623 labore,
1627 1560 1853 1613 aderat.
1876 1558 2132 1612 Tandem

189 1647 251 1700 ad
278 1648 407 1702 loca
437 1647 683 1701 cultiora
715 1650 1065 1716 perventum
1096 1659 1206 1712 est,
1238 1650 1687 1718 commeatuque
1711 1648 1875 1719 largo
1894 1663 2132 1701 recrea-

190 1737 271 1788 tus
300 1738 629 1790 exercitus:
668 1735 847 1788 simul
881 1740 955 1804 et,
988 1737 1089 1807 qui
1120 1740 1401 1808 consequi
1436 1750 1556 1790 non
1586 1738 1922 1806 potuerant,
1945 1736 2006 1789 in
2037 1736 2135 1788 illa

191 1828 372 1878 castra
401 1828 711 1880 venerunt.

251 1914 385 1969 Inde
429 1920 642 1984 agmen
686 1915 981 1984 processit
1040 1914 1110 1967 ad
1178 1913 1565 1968 Caucasum¹⁸
1618 1917 1914 1983 montem,
1958 1912 2128 1983 cujus

193 2002 421 2057 dorsum
462 2004 667 2058 Asiam
703 2006 990 2075 perpetuo
1023 2003 1230 2075 jugo¹⁹
1261 2003 1470 2056 dividit
1508 2017 1521 2057 ε
1564 2003 1702 2056 hinc
1748 2002 1925 2055 simul
1971 2018 2134 2056 mare

237 2175 301 2215 16.
337 2171 476 2228 Desii,
499 2183 614 2215 avec
632 2183 693 2213 un
718 2170 908 2213 infinitif
932 2168 1095 2225 passif.
1123 2175 1196 2213 est
1217 2169 1448 2213 contraire
1474 2169 1500 2212 a
1528 2169 1703 2223 l’usage
1723 2168 1777 2211 de
1795 2169 1837 2210 la
1854 2179 1988 2224 prose
2017 2169 2137 2212 clas-

193 2232 328 2287 sique,
355 2236 430 2289 qui
463 2240 558 2277 met
577 2234 746 2276 desitus
771 2244 888 2275 sum.

238 2296 304 2338 17.
331 2297 626 2348 Adminicato,
671 2296 783 2337 dans
811 2297 854 2338 la
880 2297 1049 2349 langue
1087 2293 1168 2337 des
1197 2294 1461 2348 vignerons,
1492 2270 1706 2337 l'echalas
1757 2305 1872 2347 pour
1909 2293 2067 2352 etayer
2095 2295 2137 2336 la

191 2355 335 2410 vigne.
369 2360 484 2402 Vitee
513 2358 750 2401 claviculis
774 2357 1059 2410 adme'ne'cula,
1090 2360 1295 2410 tanquam
1327 2357 1526 2400 manibus·
1548 2357 1891 2411 apprehendunt,
1926 2360 2049 2410 atque
2071 2355 2137 2398 ita

190 2429 233 2460 ae
257 2420 419 2473 eriqunt
438 2424 483 2464 ut
513 2421 777 2464 animante-³.
810 2423 871 2462 La
905 2420 1043 2473 vigne
1064 2430 1114 2462 se
1137 2419 1282 2472 prend
1310 2431 1400 2461 aux
1432 2418 1617 2462 echalas
1648 2430 1765 2462 avec
1794 2430 1870 2468 ses
1899 2419 2138 2472 teudinus,

192 2492 350 2526 comme
387 2494 499 2526 avec
525 2484 594 2525 les
623 2482 790 2530 mains,
815 2487 861 2525 et
898 2493 948 2523 se
977 2483 1141 2523 dresse
1179 2491 1358 2524 comme
1388 2481 1582 2523 feraient
1620 2481 1704 2522 des
1744 2480 1962 2523 animaux
1992 2481 2136 2539 (Cic.,

191 2542 277 2586 Nat.
298 2545 446 2597 Deor.,
475 2548 529 2591 Π.
557 2545 648 2599 47).
677 2548 738 2586 De
759 2543 802 2585 la
831 2554 891 2587 en
913 2541 1124 2596 general,
1152 2547 1278 2585 toute
1302 2545 1473 2597 espece
1501 2543 1704 2597 d'appui‚
1733 2543 1940 2595 soutien,
1960 2546 2055 2587 etc.
2084 2566 2139 2573 —

192 2605 269 2648 Les
283 2606 427 2650 ecam
457 2608 515 2650 de
531 2608 842 2660 temperatum
867 2607 982 2649 dans
1025 2611 1149 2648 cette
1179 2606 1337 2660 region
1368 2612 1472 2648 sont
1499 2607 1731 2655 violents,
1722 2622 1730 2629 ·
1763 2604 1794 2647 il
1825 2617 1855 2659 y
1875 2604 1957 2647 fait
1993 2605 2137 2648 alter-

194 2667 459 2712 nativement
480 2668 576 2712 tres
597 2668 714 2710 frold
745 2674 793 2710 et
813 2668 906 2710 tres
937 2666 1102 2717 chnud,
1134 2678 1228 2709 non
1256 2669 1519 2710 seulement
1542 2666 1600 2709 de
1624 2666 1786 2709 l'hiver
1815 2666 1843 2708 ὸ,
1876 2665 1998 2720 l'‚ete
2022 2668 2137 2708 mais

180 2736 341 2774 encore
365 2733 420 2774 de
443 2732 488 2773 ta
508 2732 605 2773 nuit
635 2742 693 2772 au
715 2730 817 2783 jour
841 2729 1044 2772 suivant.
1081 2730 1339 2772 Alexandre
1370 2727 1615 2771 traversait
1641 2738 1697 2771 ce
1725 2739 1835 2782 pays
1866 2727 1892 2770 a
1920 2728 1964 2771 la
1986 2699 2058 2771 'fin
2081 2729 2138 2771 de

193 2788 354 2837 l‘annee
375 2795 454 2838 330
482 2793 772 2872 (novembre)
798 2803 822 2834 c
824 2790 979 2833 Uest-a
982 2791 1080 2833 dire
1100 2801 1160 2833 en
1188 2792 1316 2845 piein
1338 2781 1487 2835 biver.

2190 495 2260 551 14

2188 670 2257 728 15

2188 941 2257 995 16

2193 1566 2261 1620 18

2192 1921 2259 1975 19

239 2854 297 2898 18.
323 2855 573 2907 Caucasum,
594 2866 621 2896 0
623 2855 725 2897 ’est
729 2853 771 2895 a·
774 2853 871 2896 dire
889 2852 1132 2895 Caucasum
1161 2852 1356 2895 indicum
1377 2864 1435 2895 ou
1464 2852 1821 2908 Parapamisum.
1849 2857 1907 2897 Le
1938 2856 2140 2906 Parapa-
2181 2859 2192 2872 ·

192 2915 310 2966 mise,
339 2928 393 2960 ou
412 2916 724 2969 Paropamise,
748 2920 819 2958 est
846 2914 1245 2957 l‘flindou-Kouch
1283 2915 1520 2968 moderno,
1541 2915 1584 2957 la
1610 2914 1772 2957 chaine
1790 2911 1835 2959 Ia
1866 2916 1971 2969 plus
2000 2916 2139 2957 haute

192 2973 243 3017 de
266 2978 394 3021 l'Asie
428 2978 721 3022 Anterieure.
759 2976 972 3021 Certains
1003 2977 1102 3030 pics
1129 2976 1393 3031 atteignent
1416 2976 1520 3030 plus
1550 2977 1607 3019 de
1636 2976 1761 3024 7.000
1792 2971 1994 3031 metres3
2037 2989 2141 3021 cer-

192 3038 326 3083 taines
351 3042 563 3095 breones,
613 3041 717 3093 plus
773 3040 939 3082 nautes
984 3048 1079 3092 que
1116 3037 1160 3080 le
1205 3040 1511 3091 mont-Bianc„
1564 3044 1765 3091 coupent
1813 3039 1858 3081 la
1896 3041 2063 3083 chaine
2114 3039 2141 3082 ὲ

195 3096 306 3150 5000
349 3104 532 3147 metres.
563 3125 617 3133 -
655 3106 741 3145 Les
771 3104 912 3145 Grecs
935 3111 993 3143 ne
1024 3102 1238 3153 voyaient
1280 3101 1394 3142 dans
1423 3111 1503 3143 ees
1533 3106 1685 3143 ments
1715 3111 1803 3154 que
1832 3103 1876 3144 le
1902 3104 2144 3157 prolonge-

197 3167 309 3205 meut
326 3164 404 3207 des
425 3165 577 3208 cretes
609 3163 1071 3217 ponto-caspie'nneS,
1098 3175 1124 3200 <c
1152 3166 1200 3204 et
1222 3162 1349 3204 leuis
1370 3161 1605 3205 ecrivains
1624 3163 1922 3212 cherchaient
1946 3164 1973 3207 a
1990 3165 2142 3208 flatter

200 3222 435 3269 alexandre
478 3238 534 3269 en
578 3228 621 3270 le
673 3227 959 3279 proclamant
1002 3226 1263 3277 vainqueur
1308 3224 1365 3267 de
1408 3236 1487 3267 ces
1534 3231 1688 3268 monts
1735 3237 1826 3280 que
1865 3226 2031 3269 n’avait
2079 3238 2141 3280 pu

200 3282 387 3329 franchir
413 3290 629 3332 Hercule.
664 3303 688 3329 »
715 3288 1014 3342 (Reclu3,1x
1031 3287 1130 3340 31.)

253 3348 316 3393 19.
347 3344 556 3404 Perpetui»
576 3352 701 3404 juqo.
729 3365 755 3389 c<
780 3353 847 3393 On
876 3349 1078 3403 pourrait
1119 3347 1296 3391 donner
1325 3348 1352 3392 ὸ.
1372 3354 1498 3393 toute
1527 3352 1573 3393 la
1601 3362 1717 3394 zone
1748 3351 1806 3395 de
1837 3357 2045 3407 paraige,
2080 3353 2141 3394 du

210 3408 481 3455 Rauen-loun
526 3413 717 3456 oiiental
757 3425 814 3455 au
852 3415 1023 3453 Taurus
1053 3411 1331 3467 d'Anatolie,
1387 3413 1429 3455 le
1475 3424 1581 3455 nom
1622 3413 1683 3457 de
1721 3413 2001 3469 αἰαρήναρηιε
2053 3424 2140 3467 que

213 3469 273 3511 les
290 3474 420 3516 Grecs
460 3475 765 3529 employaient
791 3475 1054 3518 seulement
1083 3474 1283 3524 pom-les
1318 3479 1589 3528 montagnes
1619 3476 1678 3518 du
1708 3476 1824 3518 nord
1852 3476 1912 3517 de
1937 3476 2089 3518 1'·1ran
2115 3475 2142 3513 '2³
2220 3487 2223 3490 *

220 3528 391 3590 (Rectus,
410 3538 476 3590 vl,
503 3536 564 3592 ὁ.)

1897 3625 1984 3685 1³.
