2517 3975
645 250 1040 290 msroaunuu
1074 250 1407 289 Ammnm
1442 252 1524 305 vi,
1564 254 1623 290 x.
2015 237 2131 308 201,

187 374 304 413 eum
335 358 635 429 praeterire
649 358 689 425 ⁸,
741 373 918 428 quem
961 357 1338 427 sequebatur,
1388 358 1719 428 praesertim
1765 373 1899 414 cum
1947 374 2115 430 quae-

182 447 319 500 renti
337 446 357 473 ⁴
382 447 578 502 socios
600 447 694 501 vel
714 445 866 501 falso
895 444 1108 500 fuerim
1134 446 1555 517 nominandus,
1590 463 1706 518 quo
1733 446 1988 519 facilius,
2019 449 2119 520 qui

181 535 514 601 tentabatur,
554 537 758 605 posset
807 533 1081 605 impelli?
1126 533 1266 587 Non
1308 533 1502 604 enim,
1555 534 1782 590 detecto
1820 533 2115 603 facinore,

180 638 381 678 nomen
406 639 599 679 meum
623 624 925 695 praeteriit,
966 626 1030 678 ut
1067 624 1277 693 posset
1314 622 1505 677 videri
1533 625 1696 678 socio
1728 625 2067 694 pepercisse
2098 643 2112 678 ε

179 711 539 781 Nicomacho,
566 729 742 785 quem
769 715 1080 768 taciturum
1112 727 1332 768 arcana
1360 711 1432 765 de
1461 713 1782 782 semetipso
1816 713 2114 781 credebat,

177 800 490 868 confessus,
521 802 658 856 aliis
683 802 1024 869 nominatis,
1068 816 1163 856 me
1191 816 1377 855 unum
1404 800 1789 856 subtrahebat
1806 802 1845 860 ⁸.
1875 801 2113 870 Quaes0,

177 890 609 959 commilitoneS,
658 891 713 944 si
758 889 1077 946 Cebalinus
1118 905 1380 944 menon
1425 890 1668 958 adisset,
1717 888 1862 945 nihil
1906 905 2002 945 me
2045 891 2118 947 de

174 979 486 1049 conjuratis
510 978 667 1033 scire
694 978 1004 1045 voluisset,
1035 993 1176 1032 num
1205 978 1381 1032 hodie
1400 977 1656 1033 dicerem
1677 994 1935 1049 causam,
1955 978 2117 1035 nullo

171 1081 260 1122 me
302 1068 684 1122 nominante?
714 1068 991 1140 ‚Dymnus
1035 1082 1182 1122 sane
1228 1067 1355 1137 (ιιιο
1399 1070 1629 1123 viveret
1666 1065 1912 1139 adhuc!)
1941 1068 2118 1123 vellet

68 1154 77 1167 “
170 1156 308 1210 mihi
328 1172 571 1227 parcere
602 1174 617 1211 :
649 1157 789 1228 quid
820 1155 1039 1212 ceteri?
1088 1157 1189 1227 qui
1218 1156 1293 1210 de
1322 1171 1390 1210 se
1416 1157 1876 1224 confitebuntur,
1905 1172 2002 1213 me
2030 1157 2117 1211 vi-

170 1245 370 1301 delicet
409 1243 784 1302 subtrahent!
822 1245 1086 1317 Maligna
1123 1248 1216 1299 est
1251 1245 1575 1313 calamitas,
1613 1250 1669 1300 et
1709 1245 1838 1302 fere
1876 1247 2116 1312 noxius,

170 1349 296 1389 cum
342 1350 452 1390 suo
496 1335 789 1406 supplicio
835 1334 1151 1402 crucietur,
1190 1317 1513 1404 acquiescit
1532 1335 1551 1362 ⁷
1589 1334 1805 1391 alieno.
1836 1335 1946 1390 Tot
1981 1352 2119 1391 con-

168 1424 272 1479 scii
306 1439 417 1478 nec
453 1424 518 1478 in
553 1423 867 1493 equuleum
885 1423 907 1444 *
935 1422 1173 1493 quidem
1199 1422 1463 1493 impositi
1495 1438 1706 1477 verum
1739 1424 2120 1480 fatebuntur?

163 1513 334 1583 Atqui
377 1527 551 1568 nemo
598 1512 789 1584 parcit
832 1513 1117 1566 morituro
1132 1552 1147 1579 ,
1195 1527 1307 1567 nec
1351 1512 1623 1582 cuiquam
1667 1512 2008 1581 moriturus,
2055 1517 2122 1569 ut

164 1599 394 1670 opinor.

224 1688 317 1743 Ad
333 1703 543 1743 verum
572 1689 818 1754 crimen,
842 1690 899 1744 et
928 1688 999 1742 ad
1027 1704 1230 1754 unum,
1253 1689 1671 1745 revertendum
1700 1691 1841 1745 mihi
1862 1696 1952 1747 est
1976 1711 1989 1747 ε
2013 1708 2121 1757 cur

120 1766 125 1772 ’
161 1791 282 1831 rem
310 1775 567 1831 delatam
594 1775 667 1830 ad
695 1778 754 1830 te
784 1776 1060 1831 tacuisti?
1107 1784 1214 1831 cur
1239 1780 1359 1831 tam
1398 1793 1647 1834 securus
1678 1779 1936 1834 audisti?
1967 1781 2116 1851 Hoc,

162 1864 580 1935 qualecumque
609 1866 721 1930 est,
749 1861 1025 1918 confesso
1052 1864 1221 1932 mihi,
1243 1865 1614 1937 ubicumque
1650 1882 1737 1935 es,
1759 1868 2116 1939 Alexander,

159 1952 477 2009 remisisti·
506 1971 521 2009 :
553 1952 854 2008 dexteram
900 1954 1062 2007 tuam
1104 1953 1438 2026 amplexuS,
1489 1956 1854 2012 reconciliati
1898 1958 2119 2031 pignus

162 2042 357 2110 animi,
389 2041 664 2097 convivio
696 2056 931 2112 quoque
956 2041 1219 2097 interfui.
1250 2042 1317 2098 Si
1346 2043 1651 2099 credidisti
1679 2046 1843 2111 mihi,
1880 2046 2122 2102 absolu-

161 2133 254 2185 tus
289 2146 453 2197 sum3
485 2131 540 2185 si
558 2128 897 2201 pepercisti,
920 2130 1246 2185 dimissus:
1269 2132 1405 2187 vel⁹
1426 2131 1719 2203 judicium
1737 2136 1901 2188 tuum
1920 2150 2115 2189 serva.

160 2217 304 2283 Quid
333 2218 448 2275 hac
475 2219 741 2291 proxima
776 2220 968 2286 nocte,
1006 2235 1120 2290 qua
1157 2219 1473 2291 digressus
1511 2236 1645 2276 sum
1681 2237 1717 2275 a
1750 2237 1957 2277 mensa
1996 2225 2115 2289 tua,

157 2304 318 2362 feei?
354 2307 516 2378 quod
553 2322 775 2362 novum
810 2305 1044 2361 facinus
1083 2306 1343 2362 delatum
1380 2309 1453 2364 ad
1489 2313 1547 2363 te
1583 2311 1833 2365 mutavit
1859 2311 2120 2365 animum

159 2398 364 2451 tuum?
413 2396 588 2452 Gravi
635 2410 852 2467 sopore
899 2395 1370 2467 acquiescebam,
1402 2413 1535 2452 cum
1575 2414 1671 2453 me
1714 2399 1889 2453 malis
1917 2399 2120 2454 indor-

157 2485 438 2541 mientem
465 2485 618 2540 meis
644 2484 869 2539 inimici
895 2484 1206 2539 vinciendo
1237 2486 1664 2542 excitaverunt.
1697 2486 1872 2543 Unde
1901 2492 1958 2543 et
1984 2504 2121 2559 par-

156 2573 359 2631 ricidoe
378 2573 421 2602 ¹⁰
458 2578 515 2629 et
548 2574 844 2645 proditori
880 2575 999 2626 tam
1031 2572 1133 2627 alti
1164 2574 1339 2644 quies
1375 2575 1613 2629 somni?
1647 2574 1950 2643 Scelerati,
1983 2591 2120 2630 con-

155 2663 408 2719 scientia
450 2662 850 2733 obstrepente,
898 2661 1327 2716 condormire⁴⁴
1382 2677 1505 2717 non
1551 2666 1848 2733 possunt:
1897 2664 2122 2735 agitant

155 2764 256 2805 eos
281 2751 473 2821 furiae,
505 2767 629 2807 non
657 2752 1071 2807 consummato
1101 2750 1298 2818 mode,
1330 2750 1438 2805 sed
1476 2751 1654 2806 etiam
1689 2752 1948 2824 cogitato
1978 2768 2117 2824 par-

154 2840 382 2900 ricidio.
415 2842 496 2898 At
523 2841 668 2897 mihi
698 2840 1078 2896 securitatem
1093 2840 1355 2911 primum
1381 2840 1716 2897 innocentia
1740 2858 1892 2912 mea,
1912 2841 2120 2900 deinde

200 3025 247 3071 3.
279 3026 547 3082 Praeterire,
572 3035 740 3082 passer
767 3034 878 3069 sous
905 3022 1098 3075 silence,
1114 3019 1247 3066 taire.

201 3092 247 3133 4.
282 3090 528 3143 Qum-enti,
557 3087 902 3133 sous-entendu
927 3083 1210 3140 Nicomacho.

198 3156 246 3199 5.
282 3152 591 3204 Subtrahebat,
621 3160 800 3195 comme
820 3148 1101 3204 praeteribat,
1121 3147 1192 3201 §6

199 3220 246 3260 6.
289 3216 366 3266 Ut,
399 3215 501 3271 plut
531 3216 558 3259 a
583 3215 699 3258 Dieu
712 3224 823 3268 que,
844 3222 956 3255 sens
981 3209 1076 3254 tres
1094 3221 1219 3254 rare.

197 3282 245 3322 ’1.
280 3279 558 3334 Αοςαίεεοίἰ,
582 3281 766 3321 trouver
792 3285 852 3318 en
879 3274 1080 3329 quelque
1106 3272 1246 3317 chose
1275 3284 1360 3316 son
1380 3284 1531 3327 repes,
1553 3277 1600 3320 le
1627 3286 1763 3332 repes
1774 3276 1831 3322 de
1860 3288 1945 3320 son
1965 3288 2114 3321 coeur.

199 3342 246 3383 8.
285 3340 541 3386 Remisisti.
577 3338 646 3384 cr.
672 3341 742 3394 Vl,
761 3348 842 3392 vu,
867 3337 939 3391 81,
959 3340 1007 3379 et
1035 3346 1135 3385 vm,
1162 3338 1235 3379 16.
1265 3335 1523 3382 Alexandro
1550 3338 1674 3385 avait
1692 3339 1811 3385 seint
1834 3339 1978 3384 d'etre
2005 3348 2119 3383 con-

155 3399 327 3444 vaineu
354 3405 405 3445 et
430 3402 489 3446 de
513 3399 793 3457 pardonner.
1652 3400 1657 3406 ·
2112 3404 2117 3408 ·

202 3466 253 3506 9.
294 3464 390 3515 Vel,
414 3463 475 3508 du
500 3463 671 3507 moine.

210 3527 284 3567 10.
322 3524 586 3573 Parricidae.
618 3526 693 3569 Cf.
727 3534 809 3568 sur
827 3534 882 3566 ce
906 3527 1017 3573 mot,
1046 3525 1116 3568 111.
1143 3529 1330 3577 v1,note
1353 3527 1424 3569 10.

212 3585 285 3627 11.
326 3587 602 3632 Condormire
625 3587 749 3631 n’est
777 3596 860 3641 pas
882 3585 938 3628 de
959 3584 1168 3640 l'epoque
1190 3585 1445 3642 classique.

2173 1340 2245 1396 10

2174 1694 2238 1752 11

2173 2051 2244 2107 12

2177 2496 2247 2553 13

2174 2585 2245 2641 14
