<?xml version="1.0" encoding="UTF-8"?>
<!DOCTYPE html PUBLIC "-//W3C//DTD XHTML 1.0 Transitional//EN"
    "http://www.w3.org/TR/xhtml1/DTD/xhtml1-transitional.dtd">
<html xmlns="http://www.w3.org/1999/xhtml" xml:lang="en" lang="en">
 <head>
  <title>
</title>
<meta http-equiv="Content-Type" content="text/html;charset=utf-8" />
  <meta name='ocr-system' content='tesseract 3.04.00' />
  <meta name='ocr-capabilities' content='ocr_page ocr_carea ocr_par ocr_line ocrx_word'/>
</head>
<body>
  <div class='ocr_page' id='page_1' title='image "./qcurtirufihisto00brelgoog_0049.png"; bbox 0 0 2517 3975; ppageno 0'>
   <div class='ocr_carea' id='block_1_1' title="bbox 696 232 2202 298">
    <p class='ocr_par' dir='ltr' id='par_1_1' title="bbox 696 232 2202 298">
     <span class='ocr_line' id='line_1_1' title="bbox 696 232 2202 298; baseline 0.005 -16"><span class='ocrx_word' id='word_1_1' title='bbox 696 243 1094 284; x_wconf 72' lang='lat' dir='ltr'><strong>insromARtm</strong></span> <span class='ocrx_word' id='word_1_2' title='bbox 1130 242 1465 283; x_wconf 69' lang='lat' dir='ltr'><strong>ALExAnnm</strong></span> <span class='ocrx_word' id='word_1_3' title='bbox 1503 246 1590 298; x_wconf 88' lang='lat'><strong>111,</strong></span> <span class='ocrx_word' id='word_1_4' title='bbox 1627 248 1732 286; x_wconf 83' lang='lat' dir='ltr'><strong>vn.</strong></span> <span class='ocrx_word' id='word_1_5' title='bbox 2127 232 2202 290; x_wconf 71' lang='lat'><strong>25</strong></span> 
     </span>
    </p>
   </div>
   <div class='ocr_carea' id='block_1_2' title="bbox 155 353 2196 1756">
    <p class='ocr_par' dir='ltr' id='par_1_2' title="bbox 155 353 2196 1756">
     <span class='ocr_line' id='line_1_2' title="bbox 226 353 2196 429; baseline 0.004 -23"><span class='ocrx_word' id='word_1_6' title='bbox 226 353 618 407; x_wconf 83' lang='lat' dir='ltr'><strong>dieamentum</strong></span> <span class='ocrx_word' id='word_1_7' title='bbox 661 370 726 408; x_wconf 88' lang='lat' dir='ltr'><strong>se</strong></span> <span class='ocrx_word' id='word_1_8' title='bbox 775 353 1005 408; x_wconf 83' lang='lat' dir='ltr'><strong>diffudit</strong></span> <span class='ocrx_word' id='word_1_9' title='bbox 1051 353 1114 407; x_wconf 88' lang='lat' dir='ltr'><strong>in</strong></span> <span class='ocrx_word' id='word_1_10' title='bbox 1158 369 1346 408; x_wconf 85' lang='lat' dir='ltr'><strong>venas</strong></span> <span class='ocrx_word' id='word_1_11' title='bbox 1395 356 1453 409; x_wconf 84' lang='lat' dir='ltr'><strong>et</strong></span> <span class='ocrx_word' id='word_1_12' title='bbox 1498 357 1725 411; x_wconf 80' lang='lat' dir='ltr'><strong>sensim</strong></span> <span class='ocrx_word' id='word_1_13' title='bbox 1768 359 1887 413; x_wconf 83' lang='lat' dir='ltr'><strong>toto</strong></span> <span class='ocrx_word' id='word_1_14' title='bbox 1944 371 2196 429; x_wconf 82' lang='lat' dir='ltr'><strong>corpore</strong></span> 
     </span>
     <span class='ocr_line' id='line_1_3' title="bbox 221 443 2191 516; baseline 0.002 -18"><span class='ocrx_word' id='word_1_15' title='bbox 221 443 546 498; x_wconf 81' lang='lat' dir='ltr'>salubritas</span> <span class='ocrx_word' id='word_1_16' title='bbox 590 444 817 513; x_wconf 81' lang='lat' dir='ltr'>percipi</span> <span class='ocrx_word' id='word_1_17' title='bbox 862 444 1073 512; x_wconf 85' lang='lat' dir='ltr'><strong>potuit,</strong></span> <span class='ocrx_word' id='word_1_18' title='bbox 1103 443 1361 512; x_wconf 87' lang='lat' dir='ltr'><strong>primum</strong></span> <span class='ocrx_word' id='word_1_19' title='bbox 1410 445 1641 499; x_wconf 88' lang='lat' dir='ltr'><strong>animus</strong></span> <span class='ocrx_word' id='word_1_20' title='bbox 1690 447 2191 516; x_wconf 79' lang='lat' dir='ltr'><strong>vigoremsuum,</strong></span> 
     </span>
     <span class='ocr_line' id='line_1_4' title="bbox 219 531 2189 604; baseline 0.003 -20"><span class='ocrx_word' id='word_1_21' title='bbox 219 531 431 585; x_wconf 90' lang='lat' dir='ltr'><strong>deinde</strong></span> <span class='ocrx_word' id='word_1_22' title='bbox 453 546 673 601; x_wconf 84' lang='lat' dir='ltr'><strong>corpus</strong></span> <span class='ocrx_word' id='word_1_23' title='bbox 693 546 924 601; x_wconf 86' lang='lat' dir='ltr'><strong>quoque</strong></span> <span class='ocrx_word' id='word_1_24' title='bbox 945 532 1386 601; x_wconf 79' lang='lat' dir='ltr'><strong>exspectatione</strong></span> <span class='ocrx_word' id='word_1_25' title='bbox 1407 534 1696 588; x_wconf 85' lang='lat' dir='ltr'><strong>maturius</strong></span> <span class='ocrx_word' id='word_1_26' title='bbox 1711 535 1752 562; x_wconf 82' lang='lat'><strong>¹⁸</strong></span> <span class='ocrx_word' id='word_1_27' title='bbox 1782 537 2153 604; x_wconf 81' lang='lat' dir='ltr'><strong>recuperavit</strong></span> <span class='ocrx_word' id='word_1_28' title='bbox 2177 551 2189 589; x_wconf 76' lang='grc' dir='ltr'><strong><em>ε</em></strong></span> 
     </span>
     <span class='ocr_line' id='line_1_5' title="bbox 216 619 2194 694; baseline 0.002 -20"><span class='ocrx_word' id='word_1_29' title='bbox 216 624 469 692; x_wconf 88' lang='lat' dir='ltr'><strong>quippe,</strong></span> <span class='ocrx_word' id='word_1_30' title='bbox 519 625 655 690; x_wconf 91' lang='lat' dir='ltr'><strong>post</strong></span> <span class='ocrx_word' id='word_1_31' title='bbox 702 619 935 676; x_wconf 87' lang='lat' dir='ltr'><strong>tertium</strong></span> <span class='ocrx_word' id='word_1_32' title='bbox 974 621 1130 674; x_wconf 91' lang='lat' dir='ltr'><strong>diem</strong></span> <span class='ocrx_word' id='word_1_33' title='bbox 1179 635 1366 690; x_wconf 84' lang='lat' dir='ltr'><strong>quam·</strong></span> <span class='ocrx_word' id='word_1_34' title='bbox 1402 622 1464 676; x_wconf 88' lang='lat' dir='ltr'><strong>in</strong></span> <span class='ocrx_word' id='word_1_35' title='bbox 1506 622 1619 677; x_wconf 84' lang='lat' dir='ltr'><strong>hoc</strong></span> <span class='ocrx_word' id='word_1_36' title='bbox 1662 626 1815 692; x_wconf 66' lang='lat' dir='ltr'><strong>statu</strong></span> <span class='ocrx_word' id='word_1_37' title='bbox 1862 625 2083 694; x_wconf 86' lang='lat' dir='ltr'><strong>fuerat,</strong></span> <span class='ocrx_word' id='word_1_38' title='bbox 2131 626 2194 679; x_wconf 91' lang='lat' dir='ltr'><strong>in</strong></span> 
     </span>
     <span class='ocr_line' id='line_1_6' title="bbox 215 707 2193 784; baseline 0.003 -21"><span class='ocrx_word' id='word_1_39' title='bbox 215 712 605 779; x_wconf 78' lang='lat' dir='ltr'><strong>conspectum</strong></span> <span class='ocrx_word' id='word_1_40' title='bbox 640 707 895 764; x_wconf 87' lang='lat' dir='ltr'><strong>militum</strong></span> <span class='ocrx_word' id='word_1_41' title='bbox 924 709 1104 763; x_wconf 86' lang='lat' dir='ltr'><strong>venit.</strong></span> <span class='ocrx_word' id='word_1_42' title='bbox 1139 708 1263 762; x_wconf 86' lang='lat' dir='ltr'><strong>Nee</strong></span> <span class='ocrx_word' id='word_1_43' title='bbox 1296 709 1531 763; x_wconf 82' lang='lat' dir='ltr'><strong>avidius</strong></span> <span class='ocrx_word' id='word_1_44' title='bbox 1560 711 1756 780; x_wconf 90' lang='lat' dir='ltr'><strong>ipsum</strong></span> <span class='ocrx_word' id='word_1_45' title='bbox 1784 727 1990 784; x_wconf 82' lang='lat' dir='ltr'><strong>regem</strong></span> <span class='ocrx_word' id='word_1_46' title='bbox 2020 729 2193 782; x_wconf 87' lang='lat' dir='ltr'><strong>quam</strong></span> 
     </span>
     <span class='ocr_line' id='line_1_7' title="bbox 155 795 2194 870; baseline 0.002 -19"><span class='ocrx_word' id='word_1_47' title='bbox 155 818 159 822; x_wconf 82' lang='lat'><strong>·</strong></span> <span class='ocrx_word' id='word_1_48' title='bbox 213 798 562 866; x_wconf 82' lang='lat' dir='ltr'>Philippum</span> <span class='ocrx_word' id='word_1_49' title='bbox 604 795 946 850; x_wconf 78' lang='lat' dir='ltr'><strong>intuebatur</strong></span> <span class='ocrx_word' id='word_1_50' title='bbox 985 795 1285 850; x_wconf 85' lang='lat' dir='ltr'><strong>exereitus</strong></span> <span class='ocrx_word' id='word_1_51' title='bbox 1318 810 1329 850; x_wconf 89' lang='lat'>:</span> <span class='ocrx_word' id='word_1_52' title='bbox 1375 812 1482 866; x_wconf 87' lang='lat' dir='ltr'><strong>pro</strong></span> <span class='ocrx_word' id='word_1_53' title='bbox 1514 812 1580 851; x_wconf 89' lang='lat' dir='ltr'><strong>se</strong></span> <span class='ocrx_word' id='word_1_54' title='bbox 1622 799 1894 870; x_wconf 88' lang='lat' dir='ltr'><strong>quisque,</strong></span> <span class='ocrx_word' id='word_1_55' title='bbox 1926 800 2194 856; x_wconf 82' lang='lat' dir='ltr'><strong>dextram</strong></span> 
     </span>
     <span class='ocr_line' id='line_1_8' title="bbox 214 883 2193 961; baseline 0.002 -20"><span class='ocrx_word' id='word_1_56' title='bbox 214 887 359 958; x_wconf 76' lang='lat' dir='ltr'><strong>ejus</strong></span> <span class='ocrx_word' id='word_1_57' title='bbox 376 886 652 956; x_wconf 84' lang='lat' dir='ltr'><strong>amplexi,</strong></span> <span class='ocrx_word' id='word_1_58' title='bbox 677 888 875 957; x_wconf 84' lang='lat' dir='ltr'><strong>grates</strong></span> <span class='ocrx_word' id='word_1_59' title='bbox 897 883 1245 938; x_wconf 73' lang='lat' dir='ltr'><strong>habebant¹⁴</strong></span> <span class='ocrx_word' id='word_1_60' title='bbox 1272 885 1435 939; x_wconf 84' lang='lat' dir='ltr'><strong>velut</strong></span> <span class='ocrx_word' id='word_1_61' title='bbox 1455 887 1733 956; x_wconf 80' lang='lat' dir='ltr'><strong>praesenti</strong></span> <span class='ocrx_word' id='word_1_62' title='bbox 1764 888 1890 942; x_wconf 88' lang='lat' dir='ltr'><strong>deo.</strong></span> <span class='ocrx_word' id='word_1_63' title='bbox 1923 887 2193 961; x_wconf 79' lang='lat' dir='ltr'><strong>Namque</strong></span> 
     </span>
     <span class='ocr_line' id='line_1_9' title="bbox 213 973 2193 1049; baseline 0.002 -21"><span class='ocrx_word' id='word_1_64' title='bbox 213 974 376 1028; x_wconf 86' lang='lat' dir='ltr'><strong>haud</strong></span> <span class='ocrx_word' id='word_1_65' title='bbox 405 973 577 1027; x_wconf 82' lang='lat' dir='ltr'><strong>facile</strong></span> <span class='ocrx_word' id='word_1_66' title='bbox 612 973 772 1028; x_wconf 79' lang='lat' dir='ltr'><strong>dictu</strong></span> <span class='ocrx_word' id='word_1_67' title='bbox 797 974 908 1042; x_wconf 85' lang='lat' dir='ltr'><strong>est,</strong></span> <span class='ocrx_word' id='word_1_68' title='bbox 941 975 1158 1042; x_wconf 85' lang='lat' dir='ltr'><strong>praeter</strong></span> <span class='ocrx_word' id='word_1_69' title='bbox 1186 973 1515 1043; x_wconf 80' lang='lat' dir='ltr'><strong>ingenitam</strong></span> <span class='ocrx_word' id='word_1_70' title='bbox 1543 974 1629 1027; x_wconf 88' lang='lat' dir='ltr'><strong>illi</strong></span> <span class='ocrx_word' id='word_1_71' title='bbox 1658 976 1819 1047; x_wconf 84' lang='lat' dir='ltr'><strong>genti</strong></span> <span class='ocrx_word' id='word_1_72' title='bbox 1847 991 1987 1048; x_wconf 82' lang='lat' dir='ltr'><strong>erga</strong></span> <span class='ocrx_word' id='word_1_73' title='bbox 2018 993 2193 1049; x_wconf 82' lang='lat' dir='ltr'><strong>reges</strong></span> 
     </span>
     <span class='ocr_line' id='line_1_10' title="bbox 213 1059 2191 1136; baseline 0.001 -18"><span class='ocrx_word' id='word_1_74' title='bbox 213 1079 368 1119; x_wconf 87' lang='lat' dir='ltr'><strong>suos</strong></span> <span class='ocrx_word' id='word_1_75' title='bbox 396 1063 863 1126; x_wconf 81' lang='lat' dir='ltr'><strong>venerationem,</strong></span> <span class='ocrx_word' id='word_1_76' title='bbox 908 1065 1192 1132; x_wconf 87' lang='lat' dir='ltr'><strong>quantum</strong></span> <span class='ocrx_word' id='word_1_77' title='bbox 1236 1059 1420 1134; x_wconf 85' lang='lat' dir='ltr'><strong>hujus</strong></span> <span class='ocrx_word' id='word_1_78' title='bbox 1448 1061 1647 1134; x_wconf 90' lang='lat' dir='ltr'><strong>utique</strong></span> <span class='ocrx_word' id='word_1_79' title='bbox 1685 1064 1847 1136; x_wconf 84' lang='lat' dir='ltr'><strong>regis</strong></span> <span class='ocrx_word' id='word_1_80' title='bbox 1874 1065 1970 1118; x_wconf 83' lang='lat' dir='ltr'><strong>vel</strong></span> <span class='ocrx_word' id='word_1_81' title='bbox 2008 1066 2191 1119; x_wconf 86' lang='lat' dir='ltr'><strong>admi-</strong></span> 
     </span>
     <span class='ocr_line' id='line_1_11' title="bbox 210 1150 2190 1224; baseline 0.001 -17"><span class='ocrx_word' id='word_1_82' title='bbox 210 1152 436 1207; x_wconf 80' lang='lat' dir='ltr'><strong>rationi</strong></span> <span class='ocrx_word' id='word_1_83' title='bbox 468 1151 646 1205; x_wconf 83' lang='lat' dir='ltr'><strong>dediti</strong></span> <span class='ocrx_word' id='word_1_84' title='bbox 675 1150 913 1218; x_wconf 88' lang='lat' dir='ltr'><strong>fuerint,</strong></span> <span class='ocrx_word' id='word_1_85' title='bbox 938 1151 1035 1205; x_wconf 89' lang='lat' dir='ltr'><strong>vel</strong></span> <span class='ocrx_word' id='word_1_86' title='bbox 1067 1151 1306 1205; x_wconf 81' lang='lat' dir='ltr'><strong>caritate</strong></span> <span class='ocrx_word' id='word_1_87' title='bbox 1336 1150 1741 1222; x_wconf 79' lang='lat' dir='ltr'><strong>flagraverint.</strong></span> <span class='ocrx_word' id='word_1_88' title='bbox 1773 1153 1902 1208; x_wconf 77' lang='lat' dir='ltr'><strong>Jam</strong></span> <span class='ocrx_word' id='word_1_89' title='bbox 1930 1154 2190 1224; x_wconf 90' lang='lat' dir='ltr'><strong>primum</strong></span> 
     </span>
     <span class='ocr_line' id='line_1_12' title="bbox 209 1238 2189 1312; baseline 0.003 -19"><span class='ocrx_word' id='word_1_90' title='bbox 209 1240 367 1294; x_wconf 88' lang='lat' dir='ltr'><strong>nihil</strong></span> <span class='ocrx_word' id='word_1_91' title='bbox 406 1240 540 1294; x_wconf 87' lang='lat' dir='ltr'><strong>sine</strong></span> <span class='ocrx_word' id='word_1_92' title='bbox 578 1239 779 1293; x_wconf 87' lang='lat' dir='ltr'><strong>divina</strong></span> <span class='ocrx_word' id='word_1_93' title='bbox 810 1254 919 1308; x_wconf 91' lang='lat' dir='ltr'><strong>ope</strong></span> <span class='ocrx_word' id='word_1_94' title='bbox 949 1238 1203 1311; x_wconf 85' lang='lat' dir='ltr'><strong>aggredi</strong></span> <span class='ocrx_word' id='word_1_95' title='bbox 1234 1239 1543 1293; x_wconf 87' lang='lat' dir='ltr'><strong>videbatur</strong></span> <span class='ocrx_word' id='word_1_96' title='bbox 1573 1256 1587 1292; x_wconf 90' lang='lat'>:</span> <span class='ocrx_word' id='word_1_97' title='bbox 1622 1256 1778 1307; x_wconf 87' lang='lat' dir='ltr'><strong>nam,</strong></span> <span class='ocrx_word' id='word_1_98' title='bbox 1812 1257 1944 1295; x_wconf 87' lang='lat' dir='ltr'><strong>eum</strong></span> <span class='ocrx_word' id='word_1_99' title='bbox 1970 1246 2189 1312; x_wconf 80' lang='lat' dir='ltr'><strong>praesto</strong></span> 
     </span>
     <span class='ocr_line' id='line_1_13' title="bbox 210 1327 2186 1398; baseline 0 -13"><span class='ocrx_word' id='word_1_100' title='bbox 210 1332 377 1385; x_wconf 88' lang='lat' dir='ltr'><strong>esset</strong></span> <span class='ocrx_word' id='word_1_101' title='bbox 411 1328 628 1397; x_wconf 87' lang='lat' dir='ltr'><strong>ubique</strong></span> <span class='ocrx_word' id='word_1_102' title='bbox 668 1327 922 1393; x_wconf 84' lang='lat' dir='ltr'><strong>fortuna,</strong></span> <span class='ocrx_word' id='word_1_103' title='bbox 963 1328 1269 1381; x_wconf 83' lang='lat' dir='ltr'><strong>temeritas</strong></span> <span class='ocrx_word' id='word_1_104' title='bbox 1307 1328 1369 1381; x_wconf 88' lang='lat' dir='ltr'><strong>in</strong></span> <span class='ocrx_word' id='word_1_105' title='bbox 1410 1327 1662 1398; x_wconf 84' lang='lat' dir='ltr'><strong>gloriam</strong></span> <span class='ocrx_word' id='word_1_106' title='bbox 1700 1334 1979 1384; x_wconf 81' lang='lat' dir='ltr'><strong>oesserat.</strong></span> <span class='ocrx_word' id='word_1_107' title='bbox 2011 1331 2186 1385; x_wconf 86' lang='lat' dir='ltr'><strong>AEtas</strong></span> 
     </span>
     <span class='ocr_line' id='line_1_14' title="bbox 210 1407 2182 1489; baseline 0.001 -17"><span class='ocrx_word' id='word_1_108' title='bbox 210 1407 449 1489; x_wconf 87' lang='lat' dir='ltr'><strong>quoque</strong></span> <span class='ocrx_word' id='word_1_109' title='bbox 497 1417 601 1470; x_wconf 82' lang='lat' dir='ltr'><strong>vix</strong></span> <span class='ocrx_word' id='word_1_110' title='bbox 646 1415 828 1469; x_wconf 88' lang='lat' dir='ltr'><strong>tantis</strong></span> <span class='ocrx_word' id='word_1_111' title='bbox 883 1418 1112 1469; x_wconf 83' lang='lat' dir='ltr'><strong>matura</strong></span> <span class='ocrx_word' id='word_1_112' title='bbox 1167 1416 1371 1483; x_wconf 81' lang='lat' dir='ltr'><strong>rebuS‚</strong></span> <span class='ocrx_word' id='word_1_113' title='bbox 1424 1416 1527 1470; x_wconf 88' lang='lat' dir='ltr'><strong>sed</strong></span> <span class='ocrx_word' id='word_1_114' title='bbox 1584 1416 1816 1472; x_wconf 85' lang='lat' dir='ltr'><strong>abunde</strong></span> <span class='ocrx_word' id='word_1_115' title='bbox 1863 1417 2182 1488; x_wconf 71' lang='lat' dir='ltr'><strong>sufficiam,</strong></span> 
     </span>
     <span class='ocr_line' id='line_1_15' title="bbox 212 1503 2183 1577; baseline -0.001 -15"><span class='ocrx_word' id='word_1_116' title='bbox 212 1507 414 1562; x_wconf 88' lang='lat' dir='ltr'><strong>omnia</strong></span> <span class='ocrx_word' id='word_1_117' title='bbox 434 1505 572 1577; x_wconf 78' lang='lat' dir='ltr'><strong>ejus</strong></span> <span class='ocrx_word' id='word_1_118' title='bbox 605 1520 784 1575; x_wconf 85' lang='lat' dir='ltr'><strong>opera</strong></span> <span class='ocrx_word' id='word_1_119' title='bbox 811 1504 1179 1571; x_wconf 82' lang='lat' dir='ltr'><strong>honestabat,</strong></span> <span class='ocrx_word' id='word_1_120' title='bbox 1207 1508 1284 1574; x_wconf 89' lang='lat' dir='ltr'><strong>et,</strong></span> <span class='ocrx_word' id='word_1_121' title='bbox 1318 1520 1444 1575; x_wconf 80' lang='lat' dir='ltr'><strong>quae</strong></span> <span class='ocrx_word' id='word_1_122' title='bbox 1484 1503 1709 1559; x_wconf 89' lang='lat' dir='ltr'><strong>leviora</strong></span> <span class='ocrx_word' id='word_1_123' title='bbox 1738 1505 1942 1559; x_wconf 87' lang='lat' dir='ltr'><strong>haberi</strong></span> <span class='ocrx_word' id='word_1_124' title='bbox 1971 1507 2183 1574; x_wconf 81' lang='lat' dir='ltr'><strong>solent,</strong></span> 
     </span>
     <span class='ocr_line' id='line_1_16' title="bbox 208 1593 2187 1666; baseline 0 -16"><span class='ocrx_word' id='word_1_125' title='bbox 208 1597 557 1666; x_wconf 81' lang='lat' dir='ltr'><strong>plerumque</strong></span> <span class='ocrx_word' id='word_1_126' title='bbox 603 1594 843 1647; x_wconf 86' lang='lat' dir='ltr'><strong>militari</strong></span> <span class='ocrx_word' id='word_1_127' title='bbox 890 1593 1163 1664; x_wconf 79' lang='lat' dir='ltr'><strong>gratiora*</strong></span> <span class='ocrx_word' id='word_1_128' title='bbox 1188 1593 1366 1665; x_wconf 83' lang='lat' dir='ltr'><strong>vulgo</strong></span> <span class='ocrx_word' id='word_1_129' title='bbox 1389 1594 1428 1620; x_wconf 80' lang='lat'><strong>¹⁸</strong></span> <span class='ocrx_word' id='word_1_130' title='bbox 1467 1595 1625 1661; x_wconf 87' lang='lat' dir='ltr'><strong>sunt,</strong></span> <span class='ocrx_word' id='word_1_131' title='bbox 1669 1595 2009 1650; x_wconf 83' lang='lat' dir='ltr'><strong>exercitatio</strong></span> <span class='ocrx_word' id='word_1_132' title='bbox 2056 1611 2187 1650; x_wconf 85' lang='lat' dir='ltr'><strong>eor-</strong></span> 
     </span>
     <span class='ocr_line' id='line_1_17' title="bbox 209 1681 2186 1756; baseline -0.001 -17"><span class='ocrx_word' id='word_1_133' title='bbox 209 1684 380 1756; x_wconf 84' lang='lat' dir='ltr'><strong>poris</strong></span> <span class='ocrx_word' id='word_1_134' title='bbox 409 1682 564 1737; x_wconf 84' lang='lat' dir='ltr'><strong>inter</strong></span> <span class='ocrx_word' id='word_1_135' title='bbox 591 1681 777 1753; x_wconf 88' lang='lat' dir='ltr'><strong>ipsos,</strong></span> <span class='ocrx_word' id='word_1_136' title='bbox 803 1681 989 1742; x_wconf 80' lang='lat' dir='ltr'><strong>cultus</strong></span> <span class='ocrx_word' id='word_1_137' title='bbox 1017 1681 1372 1752; x_wconf 85' lang='lat' dir='ltr'><strong>habitusque</strong></span> <span class='ocrx_word' id='word_1_138' title='bbox 1402 1682 1641 1751; x_wconf 88' lang='lat' dir='ltr'><strong>paulum</strong></span> <span class='ocrx_word' id='word_1_139' title='bbox 1664 1698 1696 1735; x_wconf 88' lang='lat' dir='ltr'><strong>a</strong></span> <span class='ocrx_word' id='word_1_140' title='bbox 1715 1682 1945 1752; x_wconf 82' lang='lat' dir='ltr'><strong>privato</strong></span> <span class='ocrx_word' id='word_1_141' title='bbox 1978 1683 2186 1738; x_wconf 86' lang='lat' dir='ltr'><strong>abhor-</strong></span> 
     </span>
    </p>
   </div>
   <div class='ocr_carea' id='block_1_3' title="bbox 209 1768 2267 1842">
    <p class='ocr_par' dir='ltr' id='par_1_3' title="bbox 209 1768 2267 1842">
     <span class='ocr_line' id='line_1_18' title="bbox 209 1768 2267 1842; baseline 0 -14"><span class='ocrx_word' id='word_1_142' title='bbox 209 1789 352 1828; x_wconf 88' lang='lat' dir='ltr'><strong>rens</strong></span> <span class='ocrx_word' id='word_1_143' title='bbox 372 1773 434 1842; x_wconf 77' lang='lat'><strong>¹⁸,</strong></span> <span class='ocrx_word' id='word_1_144' title='bbox 467 1770 743 1834; x_wconf 85' lang='lat' dir='ltr'><strong>militaris</strong></span> <span class='ocrx_word' id='word_1_145' title='bbox 772 1770 950 1839; x_wconf 82' lang='lat' dir='ltr'><strong>vigor</strong></span> <span class='ocrx_word' id='word_1_146' title='bbox 985 1783 996 1823; x_wconf 75' lang='grc' dir='ltr'>ε</span> <span class='ocrx_word' id='word_1_147' title='bbox 1029 1768 1164 1838; x_wconf 88' lang='lat' dir='ltr'><strong>quis</strong></span> <span class='ocrx_word' id='word_1_148' title='bbox 1182 1770 1222 1796; x_wconf 82' lang='lat'><strong>¹⁷</strong></span> <span class='ocrx_word' id='word_1_149' title='bbox 1253 1770 1352 1825; x_wconf 94' lang='lat' dir='ltr'><strong>ille</strong></span> <span class='ocrx_word' id='word_1_150' title='bbox 1383 1770 1478 1824; x_wconf 87' lang='lat' dir='ltr'><strong>vel</strong></span> <span class='ocrx_word' id='word_1_151' title='bbox 1507 1771 1738 1841; x_wconf 81' lang='lat' dir='ltr'><strong>ingenii</strong></span> <span class='ocrx_word' id='word_1_152' title='bbox 1765 1771 2002 1827; x_wconf 87' lang='lat' dir='ltr'><strong>dotibus</strong></span> <span class='ocrx_word' id='word_1_153' title='bbox 2019 1772 2059 1804; x_wconf 78' lang='lat'><strong>¹⁸</strong></span> <span class='ocrx_word' id='word_1_154' title='bbox 2087 1776 2184 1828; x_wconf 83' lang='lat' dir='ltr'><strong>vel</strong></span> <span class='ocrx_word' id='word_1_155' title='bbox 2239 1783 2267 1811; x_wconf 68' lang='lat'><em>0</em></span> 
     </span>
    </p>
   </div>
   <div class='ocr_carea' id='block_1_4' title="bbox 213 1858 2183 2006">
    <p class='ocr_par' dir='ltr' id='par_1_4' title="bbox 213 1858 2183 2006">
     <span class='ocr_line' id='line_1_19' title="bbox 213 1858 2183 1929; baseline 0.001 -15"><span class='ocrx_word' id='word_1_156' title='bbox 213 1861 391 1915; x_wconf 86' lang='lat' dir='ltr'><strong>animi</strong></span> <span class='ocrx_word' id='word_1_157' title='bbox 430 1859 677 1926; x_wconf 78' lang='lat' dir='ltr'><strong>artibuS,</strong></span> <span class='ocrx_word' id='word_1_158' title='bbox 719 1861 783 1912; x_wconf 89' lang='lat' dir='ltr'><strong>ut</strong></span> <span class='ocrx_word' id='word_1_159' title='bbox 823 1858 1042 1927; x_wconf 82' lang='lat' dir='ltr'><strong>pariter</strong></span> <span class='ocrx_word' id='word_1_160' title='bbox 1079 1872 1254 1911; x_wconf 83' lang='lat' dir='ltr'><strong>carus</strong></span> <span class='ocrx_word' id='word_1_161' title='bbox 1293 1873 1360 1912; x_wconf 84' lang='lat' dir='ltr'><strong>ae</strong></span> <span class='ocrx_word' id='word_1_162' title='bbox 1407 1858 1786 1914; x_wconf 84' lang='lat' dir='ltr'><strong>venerandus</strong></span> <span class='ocrx_word' id='word_1_163' title='bbox 1832 1863 2010 1929; x_wconf 87' lang='lat' dir='ltr'><strong>esset,</strong></span> <span class='ocrx_word' id='word_1_164' title='bbox 2045 1860 2183 1916; x_wconf 85' lang='lat' dir='ltr'><strong>effe-</strong></span> 
     </span>
     <span class='ocr_line' id='line_1_20' title="bbox 214 1953 389 2006; baseline -0.006 -1"><span class='ocrx_word' id='word_1_165' title='bbox 214 1953 389 2006; x_wconf 85' lang='lat' dir='ltr'><strong>cerat.</strong></span> 
     </span>
    </p>
   </div>
   <div class='ocr_carea' id='block_1_5' title="bbox 996 2122 1400 2178">
    <p class='ocr_par' dir='ltr' id='par_1_5' title="bbox 996 2122 1400 2178">
     <span class='ocr_line' id='line_1_21' title="bbox 996 2122 1400 2178; baseline -0.007 0"><span class='ocrx_word' id='word_1_166' title='bbox 996 2123 1246 2178; x_wconf 89' lang='lat' dir='ltr'>CAPUT</span> <span class='ocrx_word' id='word_1_167' title='bbox 1296 2122 1400 2176; x_wconf 64' lang='grc' dir='ltr'><strong>ΥΠ</strong></span> 
     </span>
    </p>
   </div>
   <div class='ocr_carea' id='block_1_6' title="bbox 300 2269 2093 2354">
    <p class='ocr_par' dir='ltr' id='par_1_6' title="bbox 300 2269 2093 2354">
     <span class='ocr_line' id='line_1_22' title="bbox 300 2269 2093 2354; baseline -0.003 -29"><span class='ocrx_word' id='word_1_168' title='bbox 300 2275 592 2354; x_wconf 64' lang='lat' dir='ltr'><strong>Alexandra</strong></span> <span class='ocrx_word' id='word_1_169' title='bbox 620 2274 649 2321; x_wconf 74' lang='lat' dir='ltr'><strong>a</strong></span> <span class='ocrx_word' id='word_1_170' title='bbox 682 2274 848 2322; x_wconf 86' lang='lat' dir='ltr'><strong>Issus.</strong></span> <span class='ocrx_word' id='word_1_171' title='bbox 878 2299 940 2308; x_wconf 89' lang='lat'>—</span> <span class='ocrx_word' id='word_1_172' title='bbox 968 2273 1009 2320; x_wconf 93' lang='lat' dir='ltr'><strong>Il</strong></span> <span class='ocrx_word' id='word_1_173' title='bbox 1037 2270 1132 2320; x_wconf 81' lang='lat' dir='ltr'><strong>fait</strong></span> <span class='ocrx_word' id='word_1_174' title='bbox 1160 2276 1345 2320; x_wconf 81' lang='lat' dir='ltr'><strong>mettre</strong></span> <span class='ocrx_word' id='word_1_175' title='bbox 1377 2270 1407 2319; x_wconf 79' lang='lat' dir='ltr'><strong>a</strong></span> <span class='ocrx_word' id='word_1_176' title='bbox 1434 2277 1568 2321; x_wconf 85' lang='lat' dir='ltr'><strong>mort</strong></span> <span class='ocrx_word' id='word_1_177' title='bbox 1596 2270 1641 2318; x_wconf 83' lang='lat' dir='ltr'><strong>le</strong></span> <span class='ocrx_word' id='word_1_178' title='bbox 1672 2270 1829 2320; x_wconf 85' lang='lat' dir='ltr'><strong>Perse</strong></span> <span class='ocrx_word' id='word_1_179' title='bbox 1860 2269 2093 2326; x_wconf 83' lang='lat' dir='ltr'><strong>Sisenes.</strong></span> 
     </span>
    </p>
   </div>
   <div class='ocr_carea' id='block_1_7' title="bbox 996 2401 1402 2458">
    <p class='ocr_par' dir='ltr' id='par_1_7' title="bbox 996 2401 1402 2458">
     <span class='ocr_line' id='line_1_23' title="bbox 996 2401 1402 2458; baseline -0.005 -13"><span class='ocrx_word' id='word_1_180' title='bbox 996 2401 1255 2458; x_wconf 79' lang='lat' dir='ltr'><strong>(Antonine,</strong></span> <span class='ocrx_word' id='word_1_181' title='bbox 1285 2401 1402 2456; x_wconf 82' lang='lat'><strong>333.)</strong></span> 
     </span>
    </p>
   </div>
   <div class='ocr_carea' id='block_1_8' title="bbox 278 2559 2172 2653">
    <p class='ocr_par' dir='ltr' id='par_1_8' title="bbox 278 2559 2172 2653">
     <span class='ocr_line' id='line_1_24' title="bbox 278 2559 2172 2653; baseline -0.002 -31"><span class='ocrx_word' id='word_1_182' title='bbox 278 2568 351 2622; x_wconf 91' lang='lat' dir='ltr'><strong>At</strong></span> <span class='ocrx_word' id='word_1_183' title='bbox 387 2566 630 2653; x_wconf 81' lang='lat' dir='ltr'><strong>DariuS,</strong></span> <span class='ocrx_word' id='word_1_184' title='bbox 674 2563 880 2619; x_wconf 89' lang='lat' dir='ltr'><strong>nuntio</strong></span> <span class='ocrx_word' id='word_1_185' title='bbox 925 2563 995 2617; x_wconf 90' lang='lat' dir='ltr'><strong>de</strong></span> <span class='ocrx_word' id='word_1_186' title='bbox 1045 2561 1297 2616; x_wconf 88' lang='lat' dir='ltr'><strong>adversa</strong></span> <span class='ocrx_word' id='word_1_187' title='bbox 1343 2559 1679 2616; x_wconf 84' lang='lat' dir='ltr'><strong>valetudine</strong></span> <span class='ocrx_word' id='word_1_188' title='bbox 1733 2560 1865 2634; x_wconf 80' lang='lat' dir='ltr'><strong>ejus</strong></span> <span class='ocrx_word' id='word_1_189' title='bbox 1912 2567 2172 2635; x_wconf 79' lang='lat' dir='ltr'><strong>aceeptO,</strong></span> 
     </span>
    </p>
   </div>
   <div class='ocr_carea' id='block_1_9' title="bbox 262 2753 2177 2815">
    <p class='ocr_par' dir='ltr' id='par_1_9' title="bbox 262 2753 2177 2815">
     <span class='ocr_line' id='line_1_25' title="bbox 262 2753 2177 2815; baseline -0.001 -12"><span class='ocrx_word' id='word_1_190' title='bbox 262 2762 328 2806; x_wconf 90' lang='grc'><strong>13.</strong></span> <span class='ocrx_word' id='word_1_191' title='bbox 361 2758 707 2815; x_wconf 67' lang='lat' dir='ltr'><strong>Exspectatione</strong></span> <span class='ocrx_word' id='word_1_192' title='bbox 733 2753 963 2809; x_wconf 71' lang='lat' dir='ltr'><strong>maturius,</strong></span> <span class='ocrx_word' id='word_1_193' title='bbox 985 2754 1186 2800; x_wconf 85' lang='lat' dir='ltr'><strong>l&#39;ablatif</strong></span> <span class='ocrx_word' id='word_1_194' title='bbox 1200 2753 1377 2809; x_wconf 77' lang='lat' dir='ltr'><strong>regime</strong></span> <span class='ocrx_word' id='word_1_195' title='bbox 1406 2754 1468 2799; x_wconf 90' lang='lat' dir='ltr'><strong>du</strong></span> <span class='ocrx_word' id='word_1_196' title='bbox 1502 2754 1774 2808; x_wconf 79' lang='lat' dir='ltr'><strong>comparatis</strong></span> <span class='ocrx_word' id='word_1_197' title='bbox 1792 2769 1806 2798; x_wconf 88' lang='lat'><strong>:</strong></span> <span class='ocrx_word' id='word_1_198' title='bbox 1825 2757 1931 2810; x_wconf 83' lang='lat' dir='ltr'><strong>plus</strong></span> <span class='ocrx_word' id='word_1_199' title='bbox 1952 2755 2017 2800; x_wconf 65' lang='lat' dir='ltr'><strong>tot</strong></span> <span class='ocrx_word' id='word_1_200' title='bbox 2037 2759 2177 2813; x_wconf 86' lang='lat' dir='ltr'><strong>qu’on</strong></span> 
     </span>
    </p>
   </div>
   <div class='ocr_carea' id='block_1_10' title="bbox 218 2821 2174 2935">
    <p class='ocr_par' dir='ltr' id='par_1_10' title="bbox 218 2821 2174 2935">
     <span class='ocr_line' id='line_1_26' title="bbox 218 2821 2174 2935; baseline -0.002 -6"><span class='ocrx_word' id='word_1_201' title='bbox 218 2834 347 2929; x_wconf 45' lang='lat' dir='ltr'><strong>neti?</strong></span> <span class='ocrx_word' id='word_1_202' title='bbox 369 2821 776 2930; x_wconf 46' lang='lat' dir='ltr'><strong>gtgaealtlgbebant.</strong></span> <span class='ocrx_word' id='word_1_203' title='bbox 806 2879 974 2933; x_wconf 79' lang='lat' dir='ltr'><strong>Gratia,</strong></span> <span class='ocrx_word' id='word_1_204' title='bbox 998 2878 1160 2935; x_wconf 71' lang='lat' dir='ltr'><strong>grace,</strong></span> <span class='ocrx_word' id='word_1_205' title='bbox 1191 2876 1295 2923; x_wconf 75' lang='lat' dir='ltr'><strong>d’ou</strong></span> <span class='ocrx_word' id='word_1_206' title='bbox 1322 2877 1491 2932; x_wconf 68' lang='lat' dir='ltr'><strong>arucias</strong></span> <span class='ocrx_word' id='word_1_207' title='bbox 1522 2888 1669 2932; x_wconf 62' lang='lat' dir='ltr'><strong>affere.</strong></span> <span class='ocrx_word' id='word_1_208' title='bbox 1705 2878 1874 2934; x_wconf 76' lang='lat' dir='ltr'><strong>Grates,</strong></span> <span class='ocrx_word' id='word_1_209' title='bbox 1911 2881 2089 2925; x_wconf 83' lang='lat' dir='ltr'><strong>actions</strong></span> <span class='ocrx_word' id='word_1_210' title='bbox 2117 2882 2174 2926; x_wconf 86' lang='lat' dir='ltr'><strong>de</strong></span> 
     </span>
    </p>
   </div>
   <div class='ocr_carea' id='block_1_11' title="bbox 207 2940 2177 3372">
    <p class='ocr_par' dir='ltr' id='par_1_11' title="bbox 214 2940 869 3002">
     <span class='ocr_line' id='line_1_27' title="bbox 214 2940 869 3002; baseline -0.006 -10"><span class='ocrx_word' id='word_1_211' title='bbox 214 2940 358 3002; x_wconf 63' lang='lat' dir='ltr'><strong>grace,</strong></span> <span class='ocrx_word' id='word_1_212' title='bbox 389 2943 496 2992; x_wconf 78' lang='lat' dir='ltr'><strong>d’oii</strong></span> <span class='ocrx_word' id='word_1_213' title='bbox 520 2940 666 3000; x_wconf 63' lang='lat' dir='ltr'><strong>states</strong></span> <span class='ocrx_word' id='word_1_214' title='bbox 687 2944 869 2988; x_wconf 77' lang='lat' dir='ltr'><strong>habere.</strong></span> 
     </span>
    </p>

    <p class='ocr_par' dir='ltr' id='par_1_12' title="bbox 213 3002 2174 3127">
     <span class='ocr_line' id='line_1_28' title="bbox 264 3002 2174 3063; baseline -0.004 -8"><span class='ocrx_word' id='word_1_215' title='bbox 264 3015 331 3055; x_wconf 77' lang='grc'><strong>15.</strong></span> <span class='ocrx_word' id='word_1_216' title='bbox 365 3008 744 3063; x_wconf 54' lang='lat' dir='ltr'><strong>Nititur-inulam·</strong></span> <span class='ocrx_word' id='word_1_217' title='bbox 783 3005 972 3049; x_wconf 84' lang='lat' dir='ltr'><strong>ailleurs</strong></span> <span class='ocrx_word' id='word_1_218' title='bbox 1019 3003 1215 3048; x_wconf 79' lang='lat' dir='ltr'><strong>militum</strong></span> <span class='ocrx_word' id='word_1_219' title='bbox 1254 3002 1414 3057; x_wconf 70' lang='lat' dir='ltr'><strong>vulqus</strong></span> <span class='ocrx_word' id='word_1_220' title='bbox 1446 3003 1555 3058; x_wconf 79' lang='lat' dir='ltr'><strong>(VH,</strong></span> <span class='ocrx_word' id='word_1_221' title='bbox 1602 3014 1653 3059; x_wconf 87' lang='lat'><strong>11,</strong></span> <span class='ocrx_word' id='word_1_222' title='bbox 1683 3003 1770 3059; x_wconf 78' lang='grc'>83),</span> <span class='ocrx_word' id='word_1_223' title='bbox 1792 3003 2007 3048; x_wconf 73' lang='lat' dir='ltr'><strong>militaris</strong></span> <span class='ocrx_word' id='word_1_224' title='bbox 2047 3006 2174 3048; x_wconf 78' lang='lat' dir='ltr'><strong>turba</strong></span> 
     </span>
     <span class='ocr_line' id='line_1_29' title="bbox 213 3072 1029 3127; baseline -0.005 -12"><span class='ocrx_word' id='word_1_225' title='bbox 213 3073 259 3126; x_wconf 86' lang='lat' dir='ltr'><strong>(x</strong></span> <span class='ocrx_word' id='word_1_226' title='bbox 303 3084 368 3127; x_wconf 77' lang='lat' dir='ltr'><strong>vt,</strong></span> <span class='ocrx_word' id='word_1_227' title='bbox 396 3072 460 3126; x_wconf 84' lang='lat'><strong>8).</strong></span> <span class='ocrx_word' id='word_1_228' title='bbox 794 3076 809 3093; x_wconf 78' lang='lat'><strong>¹·</strong></span> <span class='ocrx_word' id='word_1_229' title='bbox 1012 3076 1029 3093; x_wconf 84' lang='lat'><strong>·</strong></span> 
     </span>
    </p>

    <p class='ocr_par' dir='ltr' id='par_1_13' title="bbox 207 3102 2177 3372">
     <span class='ocr_line' id='line_1_30' title="bbox 259 3102 2175 3188; baseline -0.004 -8"><span class='ocrx_word' id='word_1_230' title='bbox 259 3102 328 3180; x_wconf 55' lang='grc'><strong>16.</strong></span> <span class='ocrx_word' id='word_1_231' title='bbox 366 3134 529 3178; x_wconf 72' lang='lat' dir='ltr'><strong>Cultus</strong></span> <span class='ocrx_word' id='word_1_232' title='bbox 549 3131 801 3188; x_wconf 72' lang='lat' dir='ltr'><strong>habitusque</strong></span> <span class='ocrx_word' id='word_1_233' title='bbox 821 3128 1077 3175; x_wconf 71' lang='lat' dir='ltr'><strong>abhorrens.</strong></span> <span class='ocrx_word' id='word_1_234' title='bbox 1112 3131 1245 3172; x_wconf 87' lang='lat' dir='ltr'><strong>Deux</strong></span> <span class='ocrx_word' id='word_1_235' title='bbox 1288 3127 1440 3182; x_wconf 80' lang='lat' dir='ltr'><strong>sujets</strong></span> <span class='ocrx_word' id='word_1_236' title='bbox 1468 3138 1529 3170; x_wconf 85' lang='lat' dir='ltr'><strong>au</strong></span> <span class='ocrx_word' id='word_1_237' title='bbox 1563 3127 1799 3180; x_wconf 76' lang='lat' dir='ltr'><strong>singulier</strong></span> <span class='ocrx_word' id='word_1_238' title='bbox 1827 3127 2175 3184; x_wconf 78' lang='lat' dir='ltr'><strong>et·exprimant</strong></span> 
     </span>
     <span class='ocr_line' id='line_1_31' title="bbox 212 3189 2175 3248; baseline -0.005 -7"><span class='ocrx_word' id='word_1_239' title='bbox 212 3197 286 3241; x_wconf 84' lang='lat' dir='ltr'><strong>des</strong></span> <span class='ocrx_word' id='word_1_240' title='bbox 303 3196 435 3240; x_wconf 73' lang='lat' dir='ltr'><strong>idees</strong></span> <span class='ocrx_word' id='word_1_241' title='bbox 461 3196 733 3248; x_wconf 83' lang='lat' dir='ltr'><strong>analogueS,</strong></span> <span class='ocrx_word' id='word_1_242' title='bbox 762 3192 954 3236; x_wconf 86' lang='lat' dir='ltr'><strong>veulent</strong></span> <span class='ocrx_word' id='word_1_243' title='bbox 978 3191 1082 3235; x_wconf 85' lang='lat' dir='ltr'><strong>leur</strong></span> <span class='ocrx_word' id='word_1_244' title='bbox 1111 3189 1303 3244; x_wconf 73' lang='lat' dir='ltr'><strong>adjectis</strong></span> <span class='ocrx_word' id='word_1_245' title='bbox 1328 3201 1387 3233; x_wconf 89' lang='lat' dir='ltr'><strong>ou</strong></span> <span class='ocrx_word' id='word_1_246' title='bbox 1403 3189 1507 3233; x_wconf 87' lang='lat' dir='ltr'><strong>leur</strong></span> <span class='ocrx_word' id='word_1_247' title='bbox 1535 3190 1675 3234; x_wconf 82' lang='lat' dir='ltr'><strong>verbe</strong></span> <span class='ocrx_word' id='word_1_248' title='bbox 1696 3200 1756 3232; x_wconf 82' lang='lat' dir='ltr'><strong>au</strong></span> <span class='ocrx_word' id='word_1_249' title='bbox 1778 3190 2023 3244; x_wconf 80' lang='lat' dir='ltr'><strong>singulier.</strong></span> <span class='ocrx_word' id='word_1_250' title='bbox 2051 3189 2175 3234; x_wconf 78' lang='lat' dir='ltr'><strong>Tem-</strong></span> 
     </span>
     <span class='ocr_line' id='line_1_32' title="bbox 207 3251 2165 3312; baseline -0.004 -10"><span class='ocrx_word' id='word_1_251' title='bbox 207 3270 285 3312; x_wconf 72' lang='lat' dir='ltr'><strong>pus</strong></span> <span class='ocrx_word' id='word_1_252' title='bbox 302 3258 632 3312; x_wconf 70' lang='lat' dir='ltr'><strong>necessitasque</strong></span> <span class='ocrx_word' id='word_1_253' title='bbox 647 3255 865 3311; x_wconf 74' lang='lat' dir='ltr'><strong>postulat.</strong></span> <span class='ocrx_word' id='word_1_254' title='bbox 886 3258 946 3297; x_wconf 85' lang='lat' dir='ltr'><strong>Le</strong></span> <span class='ocrx_word' id='word_1_255' title='bbox 967 3258 1117 3306; x_wconf 83' lang='lat' dir='ltr'><strong>temps</strong></span> <span class='ocrx_word' id='word_1_256' title='bbox 1138 3257 1187 3296; x_wconf 86' lang='lat' dir='ltr'><strong>et</strong></span> <span class='ocrx_word' id='word_1_257' title='bbox 1204 3252 1249 3295; x_wconf 85' lang='lat' dir='ltr'><strong>la</strong></span> <span class='ocrx_word' id='word_1_258' title='bbox 1278 3251 1512 3297; x_wconf 64' lang='lat' dir='ltr'><strong>necessita</strong></span> <span class='ocrx_word' id='word_1_259' title='bbox 1532 3251 1874 3306; x_wconf 71' lang='lat' dir='ltr'><strong>exigentmio„</strong></span> <span class='ocrx_word' id='word_1_260' title='bbox 1898 3251 2165 3307; x_wconf 77' lang='lat' dir='ltr'><strong>Oss.,1‚23).</strong></span> 
     </span>
     <span class='ocr_line' id='line_1_33' title="bbox 209 3304 2177 3372; baseline -0.004 -8"><span class='ocrx_word' id='word_1_261' title='bbox 209 3342 258 3355; x_wconf 91' lang='lat'><strong>—</strong></span> <span class='ocrx_word' id='word_1_262' title='bbox 273 3324 379 3366; x_wconf 68' lang='lat' dir='ltr'><strong>Mais</strong></span> <span class='ocrx_word' id='word_1_263' title='bbox 404 3322 486 3366; x_wconf 71' lang='lat' dir='ltr'><strong>Jus</strong></span> <span class='ocrx_word' id='word_1_264' title='bbox 510 3324 555 3364; x_wconf 86' lang='lat' dir='ltr'><strong>et</strong></span> <span class='ocrx_word' id='word_1_265' title='bbox 574 3319 747 3372; x_wconf 80' lang='lat' dir='ltr'><strong>injuria</strong></span> <span class='ocrx_word' id='word_1_266' title='bbox 764 3323 922 3362; x_wconf 80' lang='lat' dir='ltr'><strong>natura</strong></span> <span class='ocrx_word' id='word_1_267' title='bbox 941 3316 1260 3369; x_wconf 79' lang='lat' dir='ltr'><strong>dijudicantur.</strong></span> <span class='ocrx_word' id='word_1_268' title='bbox 1283 3304 1344 3359; x_wconf 80' lang='lat' dir='ltr'><strong>Le</strong></span> <span class='ocrx_word' id='word_1_269' title='bbox 1359 3313 1486 3369; x_wconf 77' lang='lat' dir='ltr'><strong>juste</strong></span> <span class='ocrx_word' id='word_1_270' title='bbox 1508 3317 1558 3357; x_wconf 86' lang='lat' dir='ltr'><strong>et</strong></span> <span class='ocrx_word' id='word_1_271' title='bbox 1581 3313 1785 3368; x_wconf 84' lang='lat' dir='ltr'><strong>l&#39;injuste</strong></span> <span class='ocrx_word' id='word_1_272' title='bbox 1803 3325 1854 3357; x_wconf 88' lang='lat' dir='ltr'><strong>se</strong></span> <span class='ocrx_word' id='word_1_273' title='bbox 1881 3315 2177 3369; x_wconf 79' lang='lat' dir='ltr'><strong>distinguent·</strong></span> 
     </span>
    </p>
   </div>
   <div class='ocr_carea' id='block_1_12' title="bbox 100 3348 2169 3435">
    <p class='ocr_par' dir='ltr' id='par_1_14' title="bbox 100 3348 2169 3435">
     <span class='ocr_line' id='line_1_34' title="bbox 100 3348 2169 3435; baseline -0.004 -10"><span class='ocrx_word' id='word_1_274' title='bbox 100 3348 121 3425; x_wconf 24' lang='grc' dir='ltr'><strong>ι.</strong></span> <span class='ocrx_word' id='word_1_275' title='bbox 209 3384 566 3427; x_wconf 85' lang='lat' dir='ltr'><strong>naturellement</strong></span> <span class='ocrx_word' id='word_1_276' title='bbox 593 3380 737 3435; x_wconf 59' lang='lat' dir='ltr'><strong>(Cim,</strong></span> <span class='ocrx_word' id='word_1_277' title='bbox 754 3379 886 3433; x_wconf 57' lang='lat' dir='ltr'><strong>Lem,</strong></span> <span class='ocrx_word' id='word_1_278' title='bbox 909 3380 945 3434; x_wconf 87' lang='lat'><strong>1,</strong></span> <span class='ocrx_word' id='word_1_279' title='bbox 973 3378 1066 3432; x_wconf 85' lang='grc'><strong>16).</strong></span> <span class='ocrx_word' id='word_1_280' title='bbox 1088 3375 1155 3420; x_wconf 85' lang='lat' dir='ltr'><strong>lei</strong></span> <span class='ocrx_word' id='word_1_281' title='bbox 1183 3378 1227 3421; x_wconf 88' lang='lat' dir='ltr'><strong>le</strong></span> <span class='ocrx_word' id='word_1_282' title='bbox 1253 3375 1441 3431; x_wconf 73' lang='lat' dir='ltr'><strong>plui-iel,</strong></span> <span class='ocrx_word' id='word_1_283' title='bbox 1469 3385 1614 3430; x_wconf 82' lang='lat' dir='ltr'><strong>parce</strong></span> <span class='ocrx_word' id='word_1_284' title='bbox 1642 3385 1733 3430; x_wconf 83' lang='lat' dir='ltr'><strong>que</strong></span> <span class='ocrx_word' id='word_1_285' title='bbox 1761 3376 1833 3420; x_wconf 82' lang='lat' dir='ltr'><strong>les</strong></span> <span class='ocrx_word' id='word_1_286' title='bbox 1858 3374 1987 3427; x_wconf 56' lang='lat' dir='ltr'><strong>isses</strong></span> <span class='ocrx_word' id='word_1_287' title='bbox 2011 3374 2169 3430; x_wconf 83' lang='lat' dir='ltr'><strong>expri-</strong></span> 
     </span>
    </p>
   </div>
   <div class='ocr_carea' id='block_1_13' title="bbox 213 3442 1344 3560">
    <p class='ocr_par' dir='ltr' id='par_1_15' title="bbox 213 3442 1344 3560">
     <span class='ocr_line' id='line_1_35' title="bbox 213 3442 959 3497; baseline -0.003 -9"><span class='ocrx_word' id='word_1_288' title='bbox 213 3445 328 3490; x_wconf 71' lang='lat' dir='ltr'><strong>mees</strong></span> <span class='ocrx_word' id='word_1_289' title='bbox 354 3456 415 3490; x_wconf 87' lang='lat' dir='ltr'><strong>ne</strong></span> <span class='ocrx_word' id='word_1_290' title='bbox 446 3448 555 3489; x_wconf 83' lang='lat' dir='ltr'><strong>sont</strong></span> <span class='ocrx_word' id='word_1_291' title='bbox 583 3453 668 3497; x_wconf 83' lang='lat' dir='ltr'><strong>pas</strong></span> <span class='ocrx_word' id='word_1_292' title='bbox 686 3442 959 3495; x_wconf 83' lang='lat' dir='ltr'><strong>analogues.</strong></span> 
     </span>
     <span class='ocr_line' id='line_1_36' title="bbox 258 3502 1344 3560; baseline -0.007 -9"><span class='ocrx_word' id='word_1_293' title='bbox 258 3513 328 3553; x_wconf 84' lang='grc'><strong>17.</strong></span> <span class='ocrx_word' id='word_1_294' title='bbox 363 3507 472 3559; x_wconf 69' lang='lat' dir='ltr'><strong>Quis</strong></span> <span class='ocrx_word' id='word_1_295' title='bbox 489 3516 671 3550; x_wconf 83' lang='lat' dir='ltr'><strong>comme</strong></span> <span class='ocrx_word' id='word_1_296' title='bbox 697 3504 867 3560; x_wconf 69' lang='lat' dir='ltr'><strong>quibus,</strong></span> <span class='ocrx_word' id='word_1_297' title='bbox 890 3502 953 3548; x_wconf 79' lang='lat' dir='ltr'><strong>cf.</strong></span> <span class='ocrx_word' id='word_1_298' title='bbox 972 3503 1043 3556; x_wconf 87' lang='lat'><strong>111,</strong></span> <span class='ocrx_word' id='word_1_299' title='bbox 1064 3511 1115 3554; x_wconf 85' lang='lat'><strong>11,</strong></span> <span class='ocrx_word' id='word_1_300' title='bbox 1135 3504 1247 3546; x_wconf 80' lang='lat' dir='ltr'><strong>note</strong></span> <span class='ocrx_word' id='word_1_301' title='bbox 1274 3502 1344 3545; x_wconf 79' lang='lat'><strong>8.&#39;</strong></span> 
     </span>
    </p>
   </div>
   <div class='ocr_carea' id='block_1_14' title="bbox 260 3559 1679 3643">
    <p class='ocr_par' dir='ltr' id='par_1_16' title="bbox 260 3559 1679 3643">
     <span class='ocr_line' id='line_1_37' title="bbox 260 3559 1679 3643; baseline -0.003 -31"><span class='ocrx_word' id='word_1_302' title='bbox 260 3573 328 3615; x_wconf 83' lang='lat'><strong>18.</strong></span> <span class='ocrx_word' id='word_1_303' title='bbox 361 3570 510 3643; x_wconf 51' lang='lat' dir='ltr'><strong>Dotgg,</strong></span> <span class='ocrx_word' id='word_1_304' title='bbox 536 3565 734 3624; x_wconf 62' lang='lat' dir='ltr'><strong>qualitas</strong></span> <span class='ocrx_word' id='word_1_305' title='bbox 753 3564 1033 3618; x_wconf 49' lang='lat' dir='ltr'><strong>naturalem</strong></span> <span class='ocrx_word' id='word_1_306' title='bbox 1056 3560 1192 3618; x_wconf 67' lang='lat' dir='ltr'><strong>artes,</strong></span> <span class='ocrx_word' id='word_1_307' title='bbox 1212 3559 1413 3620; x_wconf 63' lang='lat' dir='ltr'><strong>quantes</strong></span> <span class='ocrx_word' id='word_1_308' title='bbox 1431 3561 1679 3619; x_wconf 65' lang='lat' dir='ltr'><strong>aequms-</strong></span> 
     </span>
    </p>
   </div>
   <div class='ocr_carea' id='block_1_15' title="bbox 2249 720 2316 773">
    <p class='ocr_par' dir='ltr' id='par_1_17' title="bbox 2249 720 2316 773">
     <span class='ocr_line' id='line_1_38' title="bbox 2249 720 2316 773; baseline 0 0"><span class='ocrx_word' id='word_1_309' title='bbox 2249 720 2316 773; x_wconf 82' lang='lat'><strong>17</strong></span> 
     </span>
    </p>
   </div>
   <div class='ocr_carea' id='block_1_16' title="bbox 2245 1164 2313 1217">
    <p class='ocr_par' dir='ltr' id='par_1_18' title="bbox 2245 1164 2313 1217">
     <span class='ocr_line' id='line_1_39' title="bbox 2245 1164 2313 1217; baseline -0.015 0"><span class='ocrx_word' id='word_1_310' title='bbox 2245 1164 2313 1217; x_wconf 79' lang='lat'><strong>18</strong></span> 
     </span>
    </p>
   </div>
   <div class='ocr_carea' id='block_1_17' title="bbox 2245 1339 2312 1393">
    <p class='ocr_par' dir='ltr' id='par_1_19' title="bbox 2245 1339 2312 1393">
     <span class='ocr_line' id='line_1_40' title="bbox 2245 1339 2312 1393; baseline -0.015 0"><span class='ocrx_word' id='word_1_311' title='bbox 2245 1339 2312 1393; x_wconf 81' lang='lat'><strong>19</strong></span> 
     </span>
    </p>
   </div>
  </div>
 </body>
</html>
