2517 3975
593 254 981 293 msromAnuu
1021 255 1350 293 AnsxANnm
1390 254 1469 303 vi,
1511 253 1593 290 111.
1972 235 2068 289 171

152 361 261 430 bue,
291 366 345 417 et
374 363 468 434 qui
496 367 822 433 praesentes
870 366 1153 435 metuunt,
1202 365 1268 418 in
1297 362 1564 417 absentia
1583 361 1621 388 '⁰
1648 360 1850 415 hostes
1880 364 2070 417 erunt.

151 449 273 504 Cum
299 450 434 505 feris
464 452 669 506 hestiis
691 468 788 507 res
819 456 928 522 est,
951 469 1100 524 quas
1128 457 1329 522 captas
1360 453 1416 506 et
1436 451 1720 518 inclusae,
1751 450 1888 520 quia
1915 449 2075 519 ipsa-

148 554 257 592 rum
283 544 482 594 natura
509 556 628 596 non
657 544 869 612 potest,
918 541 1156 613 longior
1184 541 1314 596 dies
1342 540 1592 611 mitigat.

202 627 267 683 Et
299 629 479 684 adhuc
519 631 605 685 sic
636 647 746 702 ago
781 632 839 700 ¹¹,
872 638 1165 701 tamquam
1214 630 1411 685 omnia
1440 629 1682 683 subacta
1720 629 1840 683 sint
1868 629 2071 700 armiS,

145 733 254 787 quae
281 718 506 775 suerunt
535 719 594 773 in
624 720 857 775 dicione
887 721 1072 774 Darii.
1108 720 1464 791 Hyrcaniam
1495 717 1870 772 Nabarzanes
1900 733 2074 772 occu-

144 807 281 871 pavit
310 820 322 859 ε
362 807 573 861 Bactra
620 822 739 861 non
775 808 1042 877 possidet
1090 807 1283 862 solum
1336 805 1628 877 parricida
1675 805 1923 870 BessuS‚
1970 804 2076 859 sed

144 894 296 949 ctiam
338 896 475 951 inde
523 896 811 953 minatur:
862 895 1165 968 Sogdiani,
1227 895 1427 961 Dahae,
1476 896 1840 966 Massagetae,
1888 893 2091 971 Sacae„

144 983 253 1038 Indi
281 985 372 1040 sui
397 984 559 1057 juris
578 987 617 1014 ¹²
647 994 803 1041 sunt.
828 986 1043 1041 Omnes
1068 986 1148 1053 hi,
1180 986 1357 1041 simul
1386 988 1549 1056 terga
1572 988 1774 1039 nostra
1797 983 2072 1050 viderint,

141 1070 254 1127 illos
290 1079 611 1145 sequentur
645 1093 656 1128 :
700 1075 786 1129 illi
829 1076 981 1129 enim
1021 1073 1289 1145 ejusdem
1317 1073 1571 1129 nationis
1600 1075 1758 1140 sunt,
1791 1088 1902 1126 nos
1931 1071 2072 1125 alie-

140 1158 344 1230 nigenae
374 1165 436 1217 et
464 1163 708 1218 externi.
734 1161 875 1217 Suis
893 1163 1137 1233 quisque
1165 1166 1359 1216 autem
1387 1160 1675 1232 placidius
1693 1162 1879 1230 paret,
1902 1161 2073 1214 etiam

139 1263 250 1303 cum
276 1250 329 1305 is
355 1256 599 1322 praeest,
635 1253 737 1322 qui
777 1253 968 1323 magis
996 1252 1190 1307 timeri
1220 1254 1442 1321 potest.
1483 1250 1759 1318 Proinde,
1793 1255 1908 1319 aut,
1940 1265 2072 1319 quae

137 1338 392 1411 cepimuS,
421 1341 744 1395 omittenda
766 1344 926 1407 sunt,
951 1344 1068 1408 aut,
1089 1356 1220 1410 quae
1239 1357 1359 1395 non
1385 1340 1688 1406 habemus,
1711 1338 2070 1408 occupanda.

136 1424 275 1483 Sicut
300 1431 359 1484 in
391 1430 749 1500 corporibus
781 1431 986 1501 aegris,
1007 1430 1245 1498 militeS‚
1278 1430 1421 1483 nihil
1450 1429 1604 1499 quod
1624 1428 1953 1483 nociturum
1983 1430 2073 1481 est

135 1518 320 1573 medici
349 1520 717 1590 relinquunt,
768 1521 856 1574 sic
901 1536 1029 1587 noe,
1074 1518 1356 1591 quidquid
1393 1520 1585 1574 obstat
1612 1517 1887 1589 imperio,
1916 1517 2071 1571 reci-

136 1604 336 1665 damus.
374 1609 576 1665 Parva
605 1624 767 1679 saepe
815 1609 1069 1664 scintilla
1115 1611 1450 1679 contempta
1478 1622 1755 1677 magnum
1796 1606 2073 1660 excitavit

135 1695 478 1754 incendium.
516 1697 615 1752 Nil
646 1701 770 1752 tuto
818 1699 880 1751 in
918 1698 1088 1753 hoste
1137 1698 1461 1768 despicitur
1494 1715 1506 1753 :
1538 1711 1707 1768 quem
1738 1696 2068 1766 spreveriS,

134 1785 499 1842 valentiorem
529 1787 898 1858 negligentia
928 1785 1131 1841 facias.

190 1873 268 1929 Ne
306 1875 524 1930 Darius
553 1876 790 1946 quidem
828 1875 1249 1930 hereditarium
1281 1876 1594 1930 Persarum
1632 1876 1855 1945 accepit
1887 1876 2073 1945 impe-

134 1960 277 2032 rium,
317 1964 427 2019 sed
466 1963 528 2017 in
567 1963 770 2018 sedem
809 1963 944 2035 Cyri
982 1963 1268 2020 beneficio
1309 1964 1525 2035 Bagoae
1547 1964 1586 1993 ¹³
1617 1964 1909 2018 admissus
1943 1981 1955 2016 z
1998 1978 2073 2018 ne

132 2067 226 2106 vos
249 2069 467 2124 magno
509 2053 712 2108 labore
749 2053 1003 2108 credatis
1045 2054 1296 2108 Bessum
1335 2070 1582 2107 vacuum
1615 2069 1862 2123 regnum
1905 2068 2073 2108 occu-

132 2146 394 2209 paturum.
430 2143 558 2197 Nos
598 2159 742 2196 vcro
779 2143 1176 2213 peccavimuS‚
1209 2143 1453 2207 milites,
1485 2144 1537 2196 si
1580 2143 1817 2196 Darium
1850 2143 1924 2198 ob
1963 2142 2073 2196 hoc

132 2231 380 2299 vicimus,
423 2238 488 2286 ut
508 2247 685 2287 servo
716 2233 847 2302 ejus
885 2232 1246 2287 traderemus
1271 2232 1607 2302 imperium,
1640 2232 1764 2303 qui,
1808 2231 2071 2286 ultimum

132 2334 289 2375 ausus
333 2321 556 2391 sceluS,
602 2337 807 2392 regem
851 2337 1043 2390 suum,
1085 2321 1259 2375 etiam
1305 2324 1563 2375 externae
1602 2321 1736 2391 opis
1777 2324 2069 2391 egentem,

130 2412 265 2465 certe
311 2412 409 2465 cui
456 2426 569 2466 nos
605 2410 868 2464 victores
915 2410 1408 2480 pepercissemus,
1451 2410 1625 2481 quasi
1671 2409 1966 2478 captivum
2012 2411 2071 2464 in

129 2498 364 2554 vinculis
397 2499 620 2567 habuit,
653 2498 725 2553 ad
752 2499 1043 2570 ultimum,
1078 2515 1152 2553 ne
1186 2515 1218 2551 a
1258 2498 1436 2553 nobis
1466 2499 1816 2553 conservari
1845 2502 2071 2568 posset,

131 2587 336 2643 occidit.
367 2590 539 2643 Hunc
567 2606 679 2643 vos
708 2602 963 2657 regnare
995 2588 1348 2658 patiemini?
1373 2603 1545 2657 quem
1576 2587 1848 2659 equidem
1878 2576 2074 2643 cruci*

130 2675 354 2732 affixum
397 2677 608 2732 videre
654 2676 891 2747 festin0,
944 2676 1219 2732 omnibus
1273 2676 1518 2748 regibus
1573 2677 1960 2749 gentibusque
2017 2684 2074 2734 et

129 2762 292 2835 Fidei,
340 2783 519 2838 quam
561 2766 824 2837 violavit,
868 2766 1112 2820 meritas
1158 2781 1366 2835 poenas
1406 2766 1768 2820 solventem!
1815 2768 1891 2820 At
1932 2768 2072 2822 her-

130 2854 258 2920 cule,
309 2858 364 2911 si
414 2872 551 2911 mox
583 2856 826 2911 eundem
855 2855 895 2883 ¹⁴
921 2855 1257 2911 Graecorum
1288 2855 1470 2910 urbes
1501 2858 1601 2910 aut
1629 2855 2073 2926 Hellespontum

172 3032 229 3075 10.
259 3033 492 3077 Entendez
521 3032 570 3075 in
596 3034 797 3076 absentia
823 3037 998 3076 nostra.

170 3094 233 3139 11.
266 3096 359 3147 Aoo
374 3096 520 3150 prend
549 3095 838 3150 quelquefois
859 3095 906 3138 le
935 3106 1043 3139 sens
1070 3095 1128 3138 de
1154 3095 1276 3149 faire
1290 3095 1473 3150 quelque
1485 3094 1611 3139 chose
1629 3105 1682 3139 en
1707 3095 1885 3149 par-lant
1910 3107 1926 3139 .-
1953 3095 2073 3138 ainsi

126 3152 223 3256 gans
256 3158 299 3199 la
343 3160 547 3202 locution
576 3169 708 3212 aqere
734 3158 929 3211 arucias.
965 3159 998 3201 11
1023 3168 1050 3200 a
1078 3157 1138 3200 ici
1167 3162 1291 3201 cette
1323 3157 1569 3212 acception
1597 3164 1644 3202 et
1672 3162 1746 3201 est
1772 3156 2074 3211 l'equivalent

152 3227 174 3259 e
192 3218 296 3270 dico,
320 3221 491 3275 loquor.
1160 3253 1163 3254 γ

170 3280 236 3323 12.
269 3282 502 3334 suijuris,
531 3282 702 3336 genitis
717 3283 771 3326 de
800 3283 1085 3337 possession.
1119 3282 1192 3327 cf.
1218 3283 1290 3335 IV,
1322 3294 1384 3334 iv,
1409 3288 1517 3326 note
1546 3285 1619 3328 18.

170 3340 233 3386 13.
267 3345 442 3398 Baqoar
462 3351 624 3389 estcet
647 3358 862 3401 eunuque
890 3345 965 3401 qui
994 3346 1297 3401 empoisonna
1325 3346 1602 3389 Artaxerxes
1627 3349 1681 3387 111
1709 3345 1863 3389 Ochus
1893 3350 1940 3388 et
1969 3349 2073 3387 tous

131 3412 193 3446 ses
217 3408 397 3450 enfants
423 3408 486 3463 (le
524 3409 630 3462 plus
656 3409 812 3463 jeune,
834 3409 987 3460 Arses,
1030 3408 1102 3452 sut
1129 3409 1197 3451 roi
1235 3408 1467 3463 quelques
1498 3408 1729 3462 instante),
1753 3412 1800 3450 et
1843 3407 1977 3449 eleva
2013 3415 2072 3447 au

133 3465 241 3511 trane
261 3471 446 3514 Darius.
481 3471 739 3515 Mecontent
767 3473 825 3514 de
853 3482 937 3515 son
958 3470 1163 3525 protege,
1194 3472 1225 3514 il
1256 3482 1428 3525 essaya
1461 3471 1587 3514 aussi
1617 3471 1674 3514 de
1701 3470 2071 3522 l‘empoisonner,

138 3530 226 3572 mais
253 3533 414 3576 Darius
439 3536 483 3577 le
502 3534 629 3588 forqa
658 3535 824 3577 aboire
852 3533 1154 3577 lui-memele
1174 3533 1359 3588 poison.

175 3594 237 3635 14.
270 3595 483 3639 Eundem.
518 3595 590 3641 cf.
618 3597 687 3650 VI,
714 3607 762 3648 11,
791 3602 897 3640 note
919 3600 992 3642 31.

2130 971 2200 1025 10

2132 1238 2191 1291 11

2129 2130 2198 2182 13

2130 2576 2195 2631 14

2130 2756 2198 2809 15
