2517 3975
611 278 1002 319 msronmnuu
1039 278 1377 316 ALExANDm
1414 276 1475 327 v,
1516 277 1577 313 11.
1789 330 1795 335 ο
1879 312 1890 322 ,
1969 257 2075 311 125

160 382 385 454 ejusdem
421 387 714 458 generis“
749 388 999 457 equites,
1046 402 1180 441 cum
1217 386 1316 439 his
1352 400 1426 439 nc
1465 383 1747 449 Thracas,
1778 381 2076 453 adjunctis

154 474 417 544 peditibus
447 492 569 530 suae
599 476 796 549 gentis
825 493 890 530 111
917 474 1178 531 millibus
1198 492 1235 528 n
1256 492 1269 537 ;
1293 477 1350 528 et
1380 490 1454 528 ex
1473 473 1892 542 Peloponneso
1915 485 2075 524 mer-

156 564 430 618 cennarius
476 564 697 620 miles⁸⁷
737 564 807 618 ad
846 581 913 619 111
951 563 1136 617 millia
1176 563 1520 625 advenerat,
1562 576 1695 615 cum
1752 557 2075 631 nongentis

58 716 61 737 μ
154 652 413 721 octoginta
444 654 760 723 equitibus,
793 653 955 709 Idem
985 654 1271 723 Amyntas
1309 651 1633 705 adduxerat
1668 669 1703 704 L
1741 648 2075 720 principum

58 742 61 759 ³
153 739 475 796 Macedoniae
506 741 727 796 liberos
759 741 989 796 adultos
1018 741 1090 795 ad
1118 740 1453 795 custodiam
1483 738 1789 809 corporis*
1814 755 1827 792 ι
1852 738 2073 807 quippe

150 826 279 881 inter
304 828 500 898 epulas
528 829 587 882 hi
616 830 754 884 sunt
783 830 949 900 regis
987 829 1265 895 ministri,
1298 827 1594 897 iidemque
1617 841 1803 897 equos
1822 824 2071 879 ineunti-

148 913 243 968 bus
267 918 527 985 proelium
556 917 892 983 admovent,
923 924 1329 986 venantesque
1357 916 1727 984 comitantur,
1757 917 1816 969 et
1845 913 2075 986 vigilia·

147 1003 459 1060 rum*vices
489 1010 624 1060 ante
654 1005 914 1061 cubiculi
941 1005 1102 1061 fores
1133 1011 1379 1061 servant
1404 1023 1417 1059 ε
1441 1018 1907 1076 magnorumque
1925 1017 2073 1072 prae·

58 1138 59 1173 Τ
145 1086 393 1147 sectorum
417 1096 473 1149 et
502 1094 717 1149 ducum
744 1093 872 1150 haec
902 1094 1267 1149 incrementa
1295 1096 1435 1148 sunt
1463 1096 1522 1148 et
1548 1093 1897 1147 rudimenta.

199 1178 365 1251 Igitur
389 1198 511 1251 rex,
547 1183 672 1236 arci
702 1182 1023 1253 Babylonis
1051 1183 1358 1254 Agathone
1380 1180 1708 1252 praesidere
1734 1179 1907 1251 jusso
1937 1193 2071 1234 cum

144 1268 498 1340 septingentis
518 1270 561 1298 ⁸⁸
591 1270 974 1326 Macedonum
1003 1272 1405 1340 trecentisque
1438 1265 1710 1324 mercede
1739 1267 2066 1333 conductis,

141 1359 391 1422 praetores
408 1358 448 1421 *‚
471 1358 574 1428 qui
595 1358 830 1430 regioni
854 1358 1199 1430 Babyloniae
1229 1374 1298 1412 ac
1324 1357 1550 1413 Ciliciae
1579 1359 1936 1427 praeessent,
1955 1358 2072 1411 Me-

141 1449 301 1500 netem
337 1450 391 1502 et
427 1447 855 1518 Apollodorum
886 1448 1188 1519 relinquit.
1228 1466 1270 1501 11
1308 1447 1497 1502 millia
1532 1447 1610 1501 iis
1647 1446 1899 1500 militum
1936 1460 2070 1499 cum

58 1568 59 1571 η
141 1534 271 1590 mille
296 1537 529 1591 talentis
550 1537 573 1558 *
604 1536 735 1593 data
769 1555 783 1592 z
818 1540 1053 1608 utrique
1083 1540 1467 1607 praeceptum,
1498 1538 1564 1591 ut
1591 1536 1654 1589 in
1683 1534 2068 1605 supplemen-

139 1625 238 1676 tum
263 1625 469 1680 milites
500 1626 792 1698 legerent.
838 1626 1116 1681 Mazaeum
1154 1625 1525 1696 transfugam
1563 1626 1838 1694 satrapea
1875 1621 2069 1691 Baby-

140 1706 285 1766 loniae
313 1712 517 1780 donat;
552 1714 1001 1786 Bagophanem,
1032 1715 1134 1784 qui
1173 1729 1368 1768 arcem
1406 1712 1746 1781 tradiderat,
1789 1725 1856 1766 se
1893 1708 2068 1780 sequi

139 1795 317 1865 ,iussin
346 1803 631 1858 Armenia
656 1802 957 1872 Mithreni,
989 1801 1267 1857 Sardium
1304 1801 1612 1872 proditori,
1642 1801 1775 1856 data
1813 1803 1931 1858 est.
1977 1799 2067 1854 Ex

56 1890 57 1915 ³
135 1890 345 1951 pecunia
398 1892 616 1946 deinde
682 1892 984 1963 Babylone
1042 1891 1256 1945 tradita
1314 1890 1699 1945 Macedonum
1762 1890 2067 1960 equitibus

56 2033 59 2046 ‚
135 1979 334 2034 sexceni
367 1976 643 2037 denarii*
679 1981 885 2037 tributi
904 1981 944 2009 ⁸⁹
977 1998 991 2037 ε
1031 1980 1397 2051 peregrinus
1445 1979 1689 2051 eques⁴⁰
1728 1980 2065 2050 quingenos

56 2053 59 2066 '
136 2068 351 2137 accepit,
401 2071 668 2126 ducenos
712 2071 930 2142 pedem,
982 2071 1164 2144 ceteri
1204 2068 1570 2141 stipendium
1616 2068 1797 2123 duum
1818 2068 1855 2096 ‘¹
1898 2081 2067 2122 men-

56 2153 59 2156 ’
135 2162 242 2207 sum
258 2155 309 2212 ⁴¹.

909 2272 1163 2328 CAPUT
1203 2272 1256 2326 II

255 2393 451 2446 Mai-che
500 2395 846 2446 d’Alexandre
893 2411 1017 2446 vers
1062 2397 1111 2445 le
1155 2395 1291 2446 Sud.
1331 2421 1395 2433 -
1428 2395 1565 2444 Jeux
1607 2393 1902 2444 militaires.

822 2476 1040 2526 Arrivee
1086 2477 1116 2525 ‘a
1165 2475 1327 2525 Suze.

919 2582 1094 2639 (niver,
1114 2582 1238 2635 331.)

186 2699 278 2757 His
303 2706 380 2760 ita
410 2707 782 2777 compositis,
818 2709 879 2762 in
915 2708 1245 2780 regionem,
1278 2722 1411 2777 quae
1441 2706 1715 2774 satrapea
1743 2702 2061 2760 Sittacene¹

171 2843 228 2885 ³6,
259 2844 452 2902 Generis,
483 2857 734 2902 synonyme
762 2847 819 2891 de
846 2848 1008 2901 uentis.

169 2903 230 2947 37.
257 2906 393 2958 uites,
425 2908 662 2965 singulier
685 2909 900 2953 collectis.
933 2909 999 2954 Cf.
1024 2912 1102 2961 111,
1133 2920 1166 2963 1,
1196 2913 1305 2952 note
1332 2909 1380 2953 3.

133 2963 228 3075 1,38.
257 2967 563 3025 Septtnqencie
597 2970 893 3015 Macedonum.
927 2974 987 3015 Le
1024 2970 1198 3025 genitis
1233 2968 1368 3024 apres
1406 2980 1462 3014 ee
1500 2979 1609 3013 nom
1637 2967 1695 3013 de
1734 2967 1922 3013 nombre
1949 2969 2069 3013 n'est

155 3033 350 3075 asusuel.

171 3086 229 3133 39.
262 3093 452 3151 Tributi,
479 3094 772 3141 c'est-a-dire
794 3095 1026 3149 attribu&
1054 3094 1314 3141 distributi.

169 3149 226 3196 ⁴0.
255 3155 403 3213 Eques,
422 3158 579 3212 pedes,
608 3157 909 3209 collectir,111,
933 3171 963 3209 1,
993 3162 1100 3201 note
1127 3158 1175 3201 3.

170 3211 229 3257 ln.
255 3217 384 3262 Duum
404 3225 479 3263 est
508 3232 572 3263 un
595 3220 736 3264 vieux
760 3220 925 3275 genitis
939 3230 1057 3275 pour
1084 3218 1287 3263 duorum.
1312 3222 1433 3264 Nous
1462 3229 1603 3263 avons
1624 3215 1804 3273 signale
1835 3216 2063 3274 talentum,

137 3270 190 3325 llt,
211 3288 300 3334 xm,
327 3287 434 3325 note
458 3283 537 3337 133
559 3283 700 3338 deum,
724 3287 792 3333 lv,
825 3295 884 3336 vi,
905 3286 1016 3326 note
1035 3287 1082 3327 5.
1327 3285 1332 3288 “

171 3334 228 3381 42.
255 3342 467 3392 uentum.
480 3345 663 3397 Mensis,
685 3345 729 3390 le
749 3345 865 3390 mois
887 3345 972 3389 tait
988 3343 1347 3399 regulierement
1365 3344 1596 3388 mensium.
1621 3342 1813 3386 Mensam
1833 3352 1884 3386 se
1903 3347 2063 3386 trouve

142 3393 220 3513 2²¹¹ss
232 3406 383 3522 ἔξω
413 3416 426 3451 :
470 3409 530 3453 Et
559 3419 664 3464 quoa
703 3409 907 3453 sustinui
943 3407 1012 3452 bie
1048 3418 1242 3451 mensum
1284 3407 1471 3463 quinque
1513 3407 1681 3450 labores
1722 3404 1892 3460 (Ovide,
1930 3402 2064 3455 Bm„

178 3522 219 3566 Π·
246 3549 291 3563 -
315 3532 361 3574 1.
396 3531 644 3590 Sittacene,
666 3532 851 3578 district
872 3532 931 3578 de
960 3534 1005 3577 la
1025 3530 1177 3587 partie
1201 3530 1498 3576 meridionale
1527 3530 1584 3575 de
1609 3528 1853 3583 l'Assyrie,
1881 3527 1926 3570 le
1954 3525 2061 3578 long

150 3575 188 3623 ‘h
203 3587 336 3645 Tigre.

2127 648 2198 703 42

2122 1177 2196 1234 43

2120 1623 2190 1677 44

2120 1798 2193 1854 45

2122 2701 2148 2761 1
