2517 3975
651 227 1039 267 uisi-osmanni
1078 228 1408 267 ΑιΛςΧΑΝυῃι
1445 225 1525 279 lx,
1565 227 1607 263 1.
2009 204 2116 259 317

145 333 415 387 ruissent
431 332 475 359 ⁸⁶
498 333 698 388 urbem
739 335 950 390 incolae
980 353 1054 391 an
1096 336 1302 390 fraude
1334 349 1399 388 se
1433 332 1763 388 occulerent
1795 348 1808 384 :
1842 344 1975 384 cum
2013 343 2116 382 su-

144 419 288 489 bito,
335 419 624 489 patefacta
676 429 883 492 porta,
916 441 1024 480 rex
1059 425 1240 479 Indus
1284 439 1417 477 cum
1457 422 1690 477 duobus
1728 419 1946 473 adultis
1974 416 2115 470 filiis

146 509 427 576 occurrit,
458 510 705 564 multum
752 513 910 566 inter
958 529 1165 568 omnes
1213 511 1509 566 barbaros
1541 507 1805 563 eminens
1844 505 2116 577 corporis

145 599 376 664 specie.
417 598 617 653 Vestis
661 604 784 654 erat
829 617 972 656 auro
1018 615 1398 671 purpuraque
1431 599 1727 664 distincta,
1762 611 1894 666 quae
1941 596 2116 648 etiam

145 702 325 741 crura
370 688 650 742 velabat:
694 691 890 745 aureis
935 691 1114 746 soleis
1144 692 1164 711 '¹
1203 690 1539 745 inseruerat
1587 701 1869 759 gemmas,
1910 683 2115 738 lacerti

144 791 384 846 quoque
426 780 483 831 et
520 777 763 832 brachia
808 780 1153 852 margaritis
1190 781 1398 834 ornata
1440 782 1624 832 eraut.
1659 773 1999 829 pendebant
2041 788 2116 826 ex

143 863 391 919 auribus
435 865 708 936 insignes
745 868 1000 923 candore
1044 885 1111 922 ac
1148 867 1552 937 magnitudine
1592 864 1797 935 lapilli.
1830 861 2115 917 Baculum

144 967 392 1006 aureum
446 952 658 1022 berylli
715 956 1180 1027 distinguebant.
1240 954 1366 1019 Quo
1422 955 1663 1020 tradito,
1719 954 1997 1023 precatus
2052 953 2116 1003 ut

143 1041 371 1112 hospes
400 1044 707 1113 acciperet,
738 1060 804 1099 se
833 1044 1171 1116 liberosque
1200 1049 1257 1099 et
1295 1048 1530 1115 gentem
1562 1058 1729 1111 suam
1759 1040 2002 1096 dedidit.

215 1148 464 1202 Nobiles
492 1149 565 1203 ad
592 1151 924 1205 venandum
952 1167 1132 1206 canes
1160 1152 1223 1206 in
1253 1167 1324 1205 ea
1368 1150 1617 1220 regione
1665 1150 1807 1203 sunt
1832 1166 1847 1203 ε
1895 1147 2112 1204 latratu

145 1235 448 1292 abstinere
480 1238 774 1305 dicuntur,
808 1255 941 1295 cum
979 1240 1251 1294 viderunt
1293 1238 1500 1304 feram,
1532 1237 1809 1292 leonibus
1853 1239 2112 1292 maxime

140 1323 364 1379 infesti.
397 1326 625 1381 Horum
653 1328 775 1382 vim
805 1331 871 1383 ut
898 1329 1235 1384 ostenderet
1260 1326 1621 1391 Alexandro,
1646 1326 1710 1379 in
1741 1330 2110 1396 consaeptum

143 1416 379 1469 leonem
418 1414 651 1471 eximiae
689 1418 1118 1489 magnitudinis
1151 1416 1343 1488 jussit
1379 1416 1587 1482 emitti,
1635 1418 1692 1469 et
1734 1432 1822 1468 1111
1869 1416 2109 1470 omnino

141 1504 445 1558 admoveri
471 1522 670 1570 canes,
703 1508 803 1577 qui
831 1507 1096 1562 celeriter
1139 1506 1328 1561 feram
1367 1507 1826 1574 occupaverunt.
1859 1504 2007 1559 Tum
2037 1520 2106 1560 ex

140 1593 256 1662 his,
298 1594 401 1663 qui
431 1599 819 1650 assueverant
862 1597 1085 1651 talibus
1130 1595 1504 1663 ministeriiS,
1540 1609 1695 1647 unus
1741 1593 1909 1647 cauis
1951 1593 2111 1648 leoni

140 1695 272 1735 cum
303 1681 439 1735 aliis
467 1682 813 1738 inhaerentis
842 1699 980 1737 crus
1010 1684 1287 1749 avellere,
1320 1685 1396 1750 et,
1430 1683 1565 1753 quia
1587 1697 1708 1736 non
1728 1682 2104 1751 sequebatur,

139 1767 299 1823 ferro
330 1776 630 1839 amputare
662 1774 856 1842 coepit.
888 1771 976 1826 Ne
1015 1773 1103 1826 sic
1132 1772 1369 1843 quidem
1408 1771 1732 1841 pertinacia
1761 1769 1935 1839 victa,
1965 1784 2107 1823 rur-

138 1872 249 1910 sus
280 1858 453 1911 aliam
482 1862 709 1927 partem
735 1874 935 1914 secare
956 1861 1191 1928 institit,
1220 1863 1278 1914 et
1305 1859 1465 1926 inde,
1495 1874 1614 1913 non
1646 1857 2103 1928 segniusinhae·

138 1951 386 2014 rentem,
420 1946 581 2002 ferro
612 1947 862 2003 subinde
882 1949 1165 2005 caedebat.
1205 1948 1310 2003 Ille
1342 1948 1404 2003 in
1432 1948 1678 2003 vulnere
1708 1946 1852 2002 ferae
1897 1945 2107 2004 dentes

138 2036 534 2090 moribundus
575 2053 808 2107 quoque
853 2038 1162 2093 infixerat:
1204 2041 1425 2091 tantam
1474 2037 1596 2091 illis
1640 2034 1996 2090 animalibus
2032 2037 2104 2090 ad

138 2124 473 2178 venandum
502 2127 871 2194 cupiditatem
898 2128 1287 2197 ingenerasse
1317 2130 1590 2179 naturam
1633 2126 1932 2179 memoriae
1960 2141 2104 2195 pro-

137 2213 322 2266 ditum
350 2215 464 2266 est.
505 2213 791 2283 Equidem
820 2215 989 2284 plura
1017 2214 1353 2269 transcribo
1385 2229 1553 2282 quam
1585 2213 1797 2267 credo:
1831 2229 1966 2267 nam
1998 2229 2104 2268 nec

138 2294 435 2356 affirmare
476 2303 818 2365 sustineo³⁷.
851 2304 922 2357 de
953 2303 1169 2372 quibus
1198 2302 1422 2369 dubito,
1453 2316 1561 2354 nec
1598 2301 1929 2356 subducere
1972 2317 2103 2372 quae

137 2392 353 2459 accepi.
394 2391 618 2445 Relicto
647 2392 832 2463 igitur
861 2391 1104 2461 Sopithe
1133 2392 1195 2444 in
1227 2407 1337 2445 suo
1367 2406 1567 2462 regno,
1598 2390 1670 2444 ad
1708 2390 1953 2445 fluvium
1982 2390 2105 2462 Hy·

135 2480 307 2548 pasin
338 2479 380 2506 ³⁸
415 2480 730 2548 processit,
773 2481 1211 2550 Hephaestione,
1252 2479 1352 2550 qui
1394 2480 1691 2534 diversam
1735 2480 2102 2550 regionem³⁰

136 2569 474 2640 subegerat,
507 2569 833 2638 conjuncte.

201 2674 478 2745 Phegeus
510 2677 632 2728 erat
662 2676 856 2743 gentis
881 2675 1170 2745 proximae
1201 2689 1342 2728 rex:
1374 2675 1495 2744 qui,
1538 2674 1930 2745 popularibus
1971 2677 2101 2733 suis

133 2763 325 2816 colere
364 2777 570 2833 agroS,
602 2766 664 2815 ut
692 2767 1100 2832 assueverant,
1138 2762 1352 2833 jussiS,
1386 2764 1724 2818 Alexandro
1763 2779 1894 2823 cum
1926 2764 2099 2821 donis

134 2852 412 2916 occurrit,
446 2850 614 2914 nihil,
656 2851 812 2921 quod
839 2852 1175 2920 imperaret,
1209 2851 1563 2904 detrectans,

181 3068 254 3116 36.
290 3068 631 3115 Dubitabane...
680 3069 996 3120 deret-uiuent,
1042 3080 1173 3116 an...
1223 3068 1400 3124 Ellipse
1443 3067 1502 3112 de
1545 3072 1711 3115 utrum.
1756 3070 1829 3116 Cr.
1879 3073 1955 3124 lu,
1995 3083 2098 3130 vni,

132 3137 249 3237 nug.
267 3135 507 3247 igastitaeo,
528 3204 641 3237 avec
667 3192 907 3236 l'infinitis.
932 3192 1005 3238 cf.
1041 3195 1112 3244 IV,
1136 3205 1198 3246 iv,
1223 3174 1333 3236 note
1364 3197 1436 3242 11.

176 3257 251 3302 38.
285 3256 500 3309 Hypasin.
548 3257 793 3310 L'flypasis
822 3267 880 3298 ou
918 3255 1151 3310 Hyphasis
1182 3255 1491 3310 (aujourd’hui
1532 3255 1578 3301 le
1619 3256 1743 3312 Bias)
1787 3259 1996 3305 descend
2038 3259 2096 3304 de

130 3315 397 3370 l'uimalaya
423 3324 469 3361 et
489 3329 540 3361 se
554 3319 675 3373 jette
695 3318 807 3360 dans
831 3318 1077 3361 l'Acesine.

177 3379 251 3423 39.
291 3378 510 3423 Diversum
537 3379 756 3433 reoionem
784 3380 905 3423 n’est
932 3378 1292 3434 pas-classique.

1846 3639 1927 3687 18.

2171 325 2242 381 28

2170 590 2242 645 29

2170 768 2242 823 30

2168 1140 2233 1195 31

2169 1318 2240 1374 32

2161 1760 2233 1815 33

2155 2373 2226 2429 35

2155 2659 2226 2714 36
