2517 3975
685 246 1079 286 nis-ronumuu
1116 247 1451 286 AnnxANnat
1488 248 1569 299 iv,
1609 247 1735 285 xm.
2094 227 2191 283 101

220 352 545 409 intentiore
577 369 718 409 cura
745 358 1074 426 praeparari
1112 358 1267 429 apud
1310 357 1543 412 hostem
1581 354 1918 411 sollicitudo
1971 356 2194 424 praeto-

217 456 374 506 rum,
407 442 648 514 agmina
677 459 788 498 sua
815 445 1379 515 interequitantium,
1408 443 1784 514 ostendebat3
1817 458 1885 496 ac
1915 441 2196 513 pleraque

216 529 442 595 inania,
475 531 630 586 sicut
673 533 944 588 fremitus
985 535 1317 601 hominum,
1350 549 1640 603 equorum
1669 533 1955 597 hinnitus,
1993 546 2194 586 armo-

216 633 353 673 rum
393 620 865 676 internitentium
911 622 1133 694 fulgor,
1175 622 1494 679 sollicitam
1540 621 1986 691 exspectatione
2030 633 2196 674 men·

216 709 336 761 tem
375 708 788 764 turbaverant.
833 710 1047 782 Igitur,
1088 712 1220 766 sive
1260 711 1481 766 dubius
1514 709 1756 776 animi¹,
1797 708 1927 764 sive
1955 711 2018 762 ut
2046 722 2195 764 suos

220 795 612 868 experiretur,
663 800 978 854 consitium
1026 800 1285 870 adhibet,
1338 799 1479 871 quid
1525 800 1808 871 optimum
1845 796 2003 852 factu
2034 797 2196 852 esset

220 884 581 955 exquirens.

298 972 634 1043 Parmenio,
677 976 1080 1044 peritissimus
1123 978 1283 1032 inter
1327 977 1509 1032 duces
1548 977 1761 1031 artium
1809 974 1969 1038 belli,
2009 972 2189 1044 furto,

220 1076 347 1115 non
365 1062 575 1131 proelio
596 1079 749 1134 opus
773 1080 909 1120 esse
936 1065 1250 1121 censebat:
1281 1087 1305 1116 ι
1330 1065 1676 1136 intempesta
1697 1064 1718 1091 ¹
1737 1067 1910 1118 nocte
1940 1062 2193 1134 opprimi

221 1165 409 1219 posse
447 1151 654 1207 hostes
684 1167 699 1206 ε
746 1153 1078 1208 discordis⁸
1105 1154 1397 1221 moribus,
1439 1154 1682 1225 lingui8‚
1723 1152 1796 1206 ad
1832 1152 1942 1207 hoc
1980 1166 2190 1206 somno

220 1240 283 1292 et
310 1237 635 1308 improviso
662 1241 927 1310 periculo
964 1242 1220 1309 territos,
1252 1242 1487 1312 quando
1516 1242 1581 1296 in
1612 1243 1901 1296 nocturna
1929 1239 2192 1309 trepida-

220 1327 384 1382 tione
423 1328 733 1384 coituros‘?
772 1330 848 1384 At
883 1330 1143 1386 interdiu
1189 1332 1445 1401 primum
1491 1328 1788 1385 terribiles
1834 1344 2191 1383 occursuras

220 1413 412 1470 facies
456 1414 805 1487 Scytharum
837 1419 1404 1490 Bactrianorumque
1432 1449 1521 1495 —·
1539 1418 1692 1473 hirta
1721 1418 1844 1473 illis
1874 1433 1978 1471 ora
2015 1419 2074 1472 et
2100 1417 2192 1471 in-

218 1507 428 1558 tonsas
474 1519 674 1559 comas
711 1521 870 1575 esse,
912 1510 1201 1577 praeterea
1241 1508 1515 1563 eximiam
1555 1510 1861 1562 vastorum
1898 1506 2193 1577 magnitu-

218 1592 424 1647 dinem
460 1608 776 1664 corporum
807 1609 820 1649 ε
863 1598 1034 1650 vanis
1071 1601 1129 1652 et
1165 1597 1443 1652 inanibus
1479 1596 1766 1651 militem⁴
1792 1596 1987 1667 magis
2013 1608 2190 1665 quam

216 1679 404 1751 justis
453 1680 789 1738 formidinis
837 1686 1036 1740 causis
1083 1685 1314 1741 moveri
1350 1716 1420 1726 -
1464 1685 1678 1740 deinde
1723 1687 1942 1738 tautam
1987 1683 2191 1737 multi·

220 1768 490 1823 tudinem
539 1770 934 1826 circumfundi
985 1773 1371 1843 paucioribus
1426 1788 1626 1846 posse.
1674 1772 1810 1835 Non
1856 1773 1920 1826 in
1968 1770 2189 1826 Ciliciae

220 1857 517 1928 angustiis
547 1863 605 1914 et
642 1860 824 1915 inviis
874 1861 1142 1930 callibuS,
1196 1862 1302 1917 sed
1340 1863 1403 1917 in
1455 1866 1657 1933 aperta
1704 1866 1761 1917 et
1797 1862 1913 1916 lata
1954 1860 2190 1931 planitie

221 1945 534 2004 dimicare.
577 1970 599 1997 ι»

291 2033 509 2090 Omnes
573 2037 762 2092 ferme
825 2039 1203 2095 Parmenioni
1260 2040 1700 2096 assentiebatur
1746 2054 1760 2091 :
1822 2036 2189 2108 Polypercon

216 2122 378 2177 haud
413 2123 589 2179 dubie
633 2126 696 2180 in
734 2142 803 2181 eo
846 2129 1099 2183 consilio
1138 2130 1387 2198 positam
1425 2128 1727 2182 victoriam
1756 2125 2180 2181 arbitrabatur.

216 2208 404 2274 Quem
449 2212 685 2268 intuens
730 2231 857 2284 rex,
906 2231 1162 2286 namque
1215 2216 1668 2270 Parmenionem
1715 2214 1942 2283 nuper⁸
1989 2210 2187 2267 acrius

211 2314 395 2370 quam
419 2301 594 2355 vellet
632 2302 986 2373 increpitum
1024 2320 1241 2358 rursus
1286 2304 1621 2376 castigare⁶
1652 2319 1769 2357 non
1807 2300 2139 2356 sustinebat
2173 2317 2185 2353 :

214 2408 238 2436 α
274 2386 797 2457 Latrunculorum,
838 2391 1048 2462 inquit,
1079 2395 1135 2446 et
1180 2391 1380 2446 furum
1409 2393 1527 2446 ista
1567 2391 1833 2446 sollertia
1872 2393 1983 2455 est,
2015 2402 2186 2460 quam

206 2478 542 2547 praecipitis
580 2479 742 2548 mihi,
774 2480 991 2551 quippe
1029 2480 1271 2536 illorum
1307 2483 1512 2536 votum
1550 2481 1789 2535 unicum
1828 2483 1919 2534 est
1956 2477 2182 2532 fallere.

208 2566 367 2621 Meae
395 2581 542 2621 vero
570 2565 779 2639 gl'oriae
816 2584 1052 2640 semper
1099 2573 1201 2623 aut
1229 2568 1561 2625 absentiam
1593 2568 1794 2624 Darii⁷
1824 2571 1924 2622 aut
1953 2582 2183 2638 angus-

200 2656 331 2710 tias
363 2654 662 2710 locorum⁸
689 2663 787 2710 aut
818 2656 1040 2713 furtum
1066 2659 1254 2714 noctis
1284 2660 1525 2714 obstare
1553 2674 1676 2713 non
1705 2658 1950 2729 patiar.
1992 2657 2184 2728 palam

197 2745 347 2800 luce
378 2745 627 2816 aggredi
657 2750 883 2801 certum
911 2748 1076 2802 est'.
1115 2749 1272 2803 malo
1303 2763 1398 2802 me
1424 2762 1572 2802 meae
1601 2746 1854 2801 fortunae
1883 2747 2177 2816 paeniteat,

255 2941 382 2983 xm.
416 2960 467 2971 -
497 2945 542 2984 1.
577 2939 745 2984 Dubius
772 2940 925 2984 animi.
946 2941 1018 2985 Cr.
1053 2944 1121 2993 IV,
1147 2952 1218 2991 ιιι,
1249 2945 1357 2984 note
1386 2944 1453 2985 15.

251 3006 305 3047 2.
343 3002 650 3059 Intempestus,
677 3003 788 3048 hors
803 3004 860 3048 de
873 3003 1049 3048 saison.
1066 3003 1338 3057 Intempesta
1362 3014 1463 3056 nox,
1483 3000 1588 3045 nuit
1615 3001 1695 3056 qui
1715 3013 1773 3044 ne
1802 3013 1855 3046 se
1876 3003 2005 3057 prete
2035 3001 2062 3045 a
2089 3013 2183 3045 au-

181 3070 327 3112 cuffe
362 3065 637 3121 eutropi-ise,
666 3066 810 3110 heure
849 3066 906 3110 de
935 3067 980 3109 la
1008 3066 1113 3112 nuit
1140 3063 1201 3109 ou
1228 3065 1323 3108 l'on
1361 3076 1419 3109 ne
1447 3070 1559 3120 peut
1587 3065 1923 3120 entreprendre
1952 3064 2061 3122 quoi
2089 3076 2179 3119 que

176 3141 246 3175 ce
270 3126 397 3180 soit,
421 3128 581 3172 milieu
610 3128 667 3172 de
696 3130 741 3172 la
758 3127 880 3172 nuit.

237 3194 292 3237 3.
334 3188 590 3244 Discordia,
619 3202 700 3235 sur
723 3196 800 3235 cet
819 3189 1064 3242 accusatis,
1092 3189 1152 3234 cf.
1183 3192 1253 3243 111,
1270 3200 1359 3241 xn,
1382 3193 1491 3233 note
1511 3193 1553 3232 1.

236 3262 289 3301 ⁴.
333 3251 550 3308 Militem,
580 3253 813 3309 singuliet
841 3253 1057 3297 collectis.
1084 3252 1156 3299 Cf.
1177 3256 1252 3307 111,
1277 3263 1310 3305 1,
1333 3257 1439 3295 note
1466 3253 1511 3294 3.

232 3323 292 3362 5.
331 3314 504 3370 Nuper,
527 3318 597 3370 lv,
622 3327 692 3368 xi,
724 3315 790 3359 14.

229 3382 285 3427 6.
332 3376 572 3431 Castioare
595 3389 683 3422 non
709 3378 975 3423 sustinebat.
1002 3377 1070 3422 Cf.
1085 3381 1156 3431 1v,
1185 3389 1247 3430 iv,
1271 3383 1377 3421 note
1403 3377 1471 3421 11.

230 3445 284 3488 7.
328 3440 594 3486 Absentiam
619 3439 765 3490 Darii,
793 3441 961 3484 Darius
991 3440 1146 3483 n'etait
1164 3451 1245 3494 pas
1269 3438 1295 3482 a
1319 3440 1362 3482 la
1392 3437 1580 3482 bataille
1600 3435 1664 3481 du
1692 3436 1941 3493 Granique.

223 3510 280 3552 8.
326 3502 578 3557 Anoustias
593 3504 798 3552 locorum.
821 3504 857 3547 Α
884 3507 1012 3547 Issus
1032 3513 1090 3545 on
1109 3503 1236 3545 avait
1265 3501 1502 3545 combattu
1523 3501 1637 3544 dans
1654 3511 1715 3542 un
1732 3500 1914 3542 endroit
1943 3500 2171 3556 resset-rc.

224 3570 282 3614 9.
326 3566 533 3621 degredi
559 3571 727 3610 certum
763 3570 849 3611 eu.
898 3566 1068 3611 Certum
1096 3568 1165 3609 est
1207 3570 1317 3621 peut
1346 3563 1671 3620 parsaitement
1700 3571 1752 3605 se
1779 3565 2035 3607 consttuire
2065 3572 2177 3605 avec

1960 3658 2014 3705 6.
