2517 3975
623 255 1015 297 uis-romanum
1051 255 1383 296 amrium
1421 255 1502 304 vx,
1542 255 1601 295 v,
1984 236 2088 292 177

64 394 67 411 .
174 351 447 428 Frequens
473 361 703 417 arbor⁸⁰
748 363 962 421 faciem
1006 381 1263 438 quercus
1310 354 1503 428 h‘abet,
1533 361 1708 433 cujus
1734 359 1877 416 folia
1904 361 2087 416 multo
2145 360 2213 416 29.

64 418 67 603 j
170 445 318 502 melle
351 448 648 522 tinguntur
672 454 732 521 ⁴⁰,
779 456 903 528 sed,
937 458 1056 523 niai
1093 455 1241 511 solis
1283 456 1475 510 ortum
1512 452 1722 508 incolae
1763 466 2090 523 occupave-

169 537 265 591 rint
285 537 342 603 “,
364 539 457 593 vel
483 541 707 599 modico
736 545 941 615 tepore
964 562 1143 603 sucus
1172 542 1590 617 exstinguitur.

64 608 67 761 4
226 644 335 681 xxx
352 628 485 683 hinc
503 632 720 686 stadia*
735 639 1137 705 processerat,
1159 651 1292 689 cum
1312 633 1791 703 Phrataphernes
1810 632 1863 686 ei
1886 647 2091 686 occur·
2143 627 2214 683 23

169 714 247 778 rit,
290 731 463 786 seque
495 722 553 774 et
579 736 708 788 eos,
761 722 859 793 qui
908 728 1043 794 post
1076 725 1237 779 Darii
1269 725 1518 777 mortem
1546 719 1955 792 profugerant,
1988 720 2090 775 de-

169 801 290 858 dens
316 821 329 859 :
360 808 567 877 quibus
609 809 869 883 benigne
917 814 1198 884 exceptiS‚
1241 813 1315 867 ad
1363 811 1640 882 oppidum
1678 810 1870 864 Arvas
1886 809 1929 836 ⁸²
1957 825 2089 879 per-

168 894 323 947 venit.
367 895 475 950 Hic
510 899 565 952 ei
604 898 881 955 Craterus
917 905 975 956 et
1011 902 1297 974 Erigyius
1337 901 1656 956 occurrunt
1689 916 1702 952 z
1742 896 2088 968 praefectum
2143 895 2214 951 24

165 977 491 1051 Tapurorum
510 986 552 1014 ⁴⁸
581 988 778 1057 gentis
807 990 1155 1045 Phradatem
1185 990 1571 1044 adduxerant.
1604 987 1718 1042 Hic
1746 1002 2002 1058 quoque,
2025 988 2088 1042 in

165 1069 307 1126 fldem
339 1079 627 1151 receptae,
658 1078 862 1133 multis
897 1080 1164 1151 exemplo
1196 1080 1308 1134 fuit
1334 1076 1677 1150 experiendi
1715 1077 2088 1132 clementiam

164 1160 320 1230 regie.
339 1161 622 1235 Satrapen
642 1166 684 1193 ⁴⁴
698 1166 718 1187 *
738 1166 946 1224 deinde
969 1169 1284 1241 Hyrcaniae
1304 1167 1465 1223 dedit
1486 1166 1748 1236 Minapin
1772 1183 1784 1222 :
1809 1167 1946 1222 exul
1968 1165 2082 1232 hic,
2142 1165 2214 1219 25

160 1255 404 1320 regnante
441 1253 621 1321 Och0,
657 1255 730 1309 ad
769 1255 1104 1328 Philippum
1140 1260 1510 1330 pervenerat.
1543 1257 1915 1331 Tapurorum
1944 1271 2085 1327 quo·

159 1349 251 1405 que
277 1344 500 1410 gentem
531 1342 804 1399 Phradati
832 1345 1105 1400 reddidit.

935 1628 1184 1683 CAPUT
1223 1629 1276 1682 V

150 1786 418 1844 Generosite
459 1795 822 1845 d'Alexandre.
862 1823 925 1834 —
954 1796 1286 1846 Soumission
1328 1798 1421 1846 des
1471 1797 1697 1847 Μαι-(168.
1730 1824 1787 1835 --
1822 1799 2085 1848 Eutrevue

481 1875 826 1926 d'Alexandre
859 1889 985 1926 avec
1017 1877 1068 1926 la
1100 1878 1244 1926 reine
1279 1877 1373 1926 des
1406 1878 1715 1927 Amazones,

891 2020 1150 2076 (Automne,
1178 2021 1258 2066 330
1269 2023 1303 2076 .)

200 2193 430 2270 Jamque
486 2200 692 2254 ultima
738 2199 1072 2271 Hyrcaniae¹
1134 2201 1480 2267 intraverat,
1538 2216 1670 2254 cum
1729 2200 2075 2265 Artabazus,
2139 2197 2167 2250 1

144 2296 290 2352 quem
350 2288 534 2343 Dario
578 2288 933 2343 fidissimum
980 2288 1170 2344 fuisse
1209 2289 1422 2359 supra*
1477 2288 1754 2356 diximus,
1783 2304 1916 2343 cum
1944 2305 2081 2360 pro-

140 2370 348 2444 pinquis
378 2376 547 2431 Darii
577 2392 646 2431 ac
690 2377 820 2432 suis
848 2376 1053 2433 liberis
1078 2377 1424 2450 modicaque
1458 2376 1801 2433 Graecorum
1829 2378 2079 2433 militum

68 2471 69 2482 ¹
139 2474 287 2517 manu
317 2466 597 2522 occurrit.
632 2466 910 2521 Dextram
938 2467 1197 2523 venienti
1212 2467 1422 2521 obtulit
1440 2482 1546 2523 rex
1572 2485 1585 2521 ε
1617 2467 1833 2538 quippe
1862 2470 1919 2522 et
1948 2468 2081 2522 hos-
2135 2465 2169 2519 2

138 2561 219 2617 pes
240 2552 494 2626 Philippi
524 2553 736 2622 fuerat,
769 2571 924 2622 cum,
957 2553 1114 2611 Ocho
1133 2555 1153 2583 ⁸
1183 2559 1496 2627 regnante,
1528 2556 1812 2626 exularet,
1850 2560 1908 2612 et
1940 2556 2080 2612 hos-

170 2770 234 2816 39.
263 2772 421 2819 Arbor.
447 2774 660 2818 L'ecorce
684 2775 742 2820 do
761 2779 834 2819 cet
856 2775 990 2819 arbre
1019 2775 1191 2819 distillo
1209 2787 1303 2819 une
1320 2782 1443 2820 sorte
1459 2775 1518 2819 de
1535 2787 1725 2822 manne.

169 2831 233 2882 40.
267 2835 511 2890 Tinountm·
541 2842 645 2881 sont
678 2837 1138 2893 trempees.Tinaeae-e
1164 2849 1351 2893 corpora
1376 2838 1575 2892 numine.
1600 2850 1650 2882 se
1688 2839 1882 2894 baigner
1900 2840 2078 2895 (Ovid.‚

131 2890 227 2945 Ιέε..
250 2900 334 2952 ΧΠ,
356 2899 473 2955 413).
497 2902 560 2941 De
580 2898 628 2942 la
655 2901 699 2943 le
718 2910 826 2943 sens
856 2901 912 2943 de
941 2906 1141 2955 tremper
1168 2901 1285 2943 dans
1313 2912 1405 2944 une
1425 2902 1630 2952 couleur,
1656 2901 1857 2948 teindre.

68 3005 71 3012 y
166 2960 230 3004 41.
264 2958 598 3016 occupaverint,
629 2960 873 3005 devancer.

166 3021 233 3065 42.
261 3022 418 3074 Arvas,
443 3034 538 3066 une
555 3023 638 3067 des
657 3023 941 3080 principales
963 3024 1098 3068 vines
1122 3024 1180 3068 de
1208 3025 1487 3081 l'llyrcanie,
1511 3025 1662 3080 plutot
1690 3037 1870 3071 conuue
1900 3038 2010 3071 sous
2029 3027 2074 3071 le

128 3086 213 3123 nom
238 3083 293 3126 de
325 3085 620 3128 zadracarta.

166 3146 226 3190 ⁴8.
261 3145 546 3202 Tapurorum.
563 3150 647 3191 Les
666 3151 861 3203 'rapyres
891 3149 1144 3194 habitaient
1175 3149 1203 3192 a
1218 3149 1321 3193 cote
1348 3150 1433 3194 des
1459 3152 1743 3205 Hyrcaniena
1761 3163 1822 3194 au
1840 3153 1928 3196 sud
1953 3153 2010 3196 de
2030 3154 2074 3197 la

125 3203 390 3263 Caspienueg
419 3208 632 3253 c'etaient
654 3209 957 3254 d'excellents
978 3212 1239 3256 cavaliers..

165 3271 228 3313 u.
260 3271 491 3327 Satrapen,
512 3272 743 3315 accusatis
758 3284 881 3327 grec.

167 3327 211 3374 V.
236 3355 284 3365 —
306 3336 345 3376 ¹.
372 3332 540 3377 Ultima
561 3334 814 3389 Hyr-canite.
843 3335 1225 3391 Adiectifneutre
1251 3347 1364 3382 avec
1387 3349 1454 3382 un
1477 3337 1648 3392 genitif
1676 3339 1874 3394 partitis.
1903 3340 1972 3383 Cf.
2000 3343 2070 3393 ΠΙ,

126 3397 190 3443 vn,
206 3400 309 3438 note
339 3399 413 3439 ss.

164 3456 203 3498 Ξ.
229 3454 393 3511 Supra,
414 3462 462 3512 V,
488 3470 556 3510 ix.
578 3463 627 3512 ις
653 3463 700 3514 V,
725 3470 811 3512 ιιι,
831 3464 873 3506 8.

128 3515 203 3618 ¹¹¹3.
232 3519 408 3574 ochus,
427 3533 616 3565 surnom
635 3522 968 3568 &Artaxerxes
992 3526 1070 3568 111.
1100 3523 1173 3572 cs.
1196 3526 1241 3568 le
1260 3526 1460 3569 Tableau
1489 3526 1572 3570 des
1596 3525 1687 3569 rois
1715 3523 2067 3577 Achemenides‚

170 3607 181 3626 ,
207 3590 256 3629 n,
284 3587 401 3625 note
422 3590 466 3629 1.
