<?xml version="1.0" encoding="UTF-8"?>
<!DOCTYPE html PUBLIC "-//W3C//DTD XHTML 1.0 Transitional//EN"
    "http://www.w3.org/TR/xhtml1/DTD/xhtml1-transitional.dtd">
<html xmlns="http://www.w3.org/1999/xhtml" xml:lang="en" lang="en">
 <head>
  <title>
</title>
<meta http-equiv="Content-Type" content="text/html;charset=utf-8" />
  <meta name='ocr-system' content='tesseract 3.04.00' />
  <meta name='ocr-capabilities' content='ocr_page ocr_carea ocr_par ocr_line ocrx_word'/>
</head>
<body>
  <div class='ocr_page' id='page_1' title='image "./qcurtirufihisto00brelgoog_0326.png"; bbox 0 0 2517 3975; ppageno 0'>
   <div class='ocr_carea' id='block_1_1' title="bbox 356 363 426 419">
    <p class='ocr_par' dir='ltr' id='par_1_1' title="bbox 356 363 426 419">
     <span class='ocr_line' id='line_1_1' title="bbox 356 363 426 419; baseline -0.014 0"><span class='ocrx_word' id='word_1_1' title='bbox 356 363 426 419; x_wconf 76' lang='lat'><strong>13</strong></span> 
     </span>
    </p>
   </div>
   <div class='ocr_carea' id='block_1_2' title="bbox 357 628 423 684">
    <p class='ocr_par' dir='ltr' id='par_1_2' title="bbox 357 628 423 684">
     <span class='ocr_line' id='line_1_2' title="bbox 357 628 423 684; baseline -0.03 0"><span class='ocrx_word' id='word_1_2' title='bbox 357 628 423 684; x_wconf 81' lang='lat'><strong>14</strong></span> 
     </span>
    </p>
   </div>
   <div class='ocr_carea' id='block_1_3' title="bbox 357 895 427 950">
    <p class='ocr_par' dir='ltr' id='par_1_3' title="bbox 357 895 427 950">
     <span class='ocr_line' id='line_1_3' title="bbox 357 895 427 950; baseline -0.014 0"><span class='ocrx_word' id='word_1_3' title='bbox 357 895 427 950; x_wconf 87' lang='grc'><strong>15</strong></span> 
     </span>
    </p>
   </div>
   <div class='ocr_carea' id='block_1_4' title="bbox 397 2509 432 2565">
    <p class='ocr_par' dir='ltr' id='par_1_4' title="bbox 397 2509 432 2565">
     <span class='ocr_line' id='line_1_4' title="bbox 397 2509 432 2565; baseline 0 0"><span class='ocrx_word' id='word_1_4' title='bbox 397 2509 432 2565; x_wconf 84' lang='grc'><strong>3</strong></span> 
     </span>
    </p>
   </div>
   <div class='ocr_carea' id='block_1_5' title="bbox 477 233 1669 308">
    <p class='ocr_par' dir='ltr' id='par_1_5' title="bbox 477 233 1669 308">
     <span class='ocr_line' id='line_1_5' title="bbox 477 233 1669 308; baseline 0.004 -15"><span class='ocrx_word' id='word_1_5' title='bbox 477 233 582 293; x_wconf 75' lang='grc'><strong>286</strong></span> <span class='ocrx_word' id='word_1_6' title='bbox 1231 263 1286 308; x_wconf 80' lang='lat' dir='ltr'><strong>Q.</strong></span> <span class='ocrx_word' id='word_1_7' title='bbox 1327 263 1497 302; x_wconf 77' lang='lat' dir='ltr'><strong>cmm</strong></span> <span class='ocrx_word' id='word_1_8' title='bbox 1533 262 1669 301; x_wconf 75' lang='lat' dir='ltr'><strong>nur-1</strong></span> 
     </span>
    </p>
   </div>
   <div class='ocr_carea' id='block_1_6' title="bbox 475 364 2398 1400">
    <p class='ocr_par' dir='ltr' id='par_1_6' title="bbox 475 364 2398 1400">
     <span class='ocr_line' id='line_1_6' title="bbox 477 364 2398 443; baseline 0.001 -25"><span class='ocrx_word' id='word_1_9' title='bbox 477 367 532 418; x_wconf 90' lang='lat' dir='ltr'><strong>te</strong></span> <span class='ocrx_word' id='word_1_10' title='bbox 558 364 933 437; x_wconf 80' lang='lat' dir='ltr'><strong>transfugam</strong></span> <span class='ocrx_word' id='word_1_11' title='bbox 947 367 1089 422; x_wconf 90' lang='lat' dir='ltr'><strong>belli</strong></span> <span class='ocrx_word' id='word_1_12' title='bbox 1103 368 1237 440; x_wconf 80' lang='lat' dir='ltr'><strong>jure</strong></span> <span class='ocrx_word' id='word_1_13' title='bbox 1257 372 1685 443; x_wconf 76' lang='lat' dir='ltr'><strong>persequimur.</strong></span> <span class='ocrx_word' id='word_1_14' title='bbox 1708 369 1797 424; x_wconf 92' lang='lat' dir='ltr'><strong>Tu</strong></span> <span class='ocrx_word' id='word_1_15' title='bbox 1813 368 2169 423; x_wconf 88' lang='lat' dir='ltr'><strong>Macedonas</strong></span> <span class='ocrx_word' id='word_1_16' title='bbox 2185 367 2398 423; x_wconf 82' lang='lat' dir='ltr'><strong>voluisti</strong></span> 
     </span>
     <span class='ocr_line' id='line_1_7' title="bbox 477 455 2396 532; baseline 0.001 -25"><span class='ocrx_word' id='word_1_17' title='bbox 477 468 668 525; x_wconf 85' lang='lat' dir='ltr'><strong>genua</strong></span> <span class='ocrx_word' id='word_1_18' title='bbox 696 455 804 509; x_wconf 90' lang='lat' dir='ltr'><strong>tibi</strong></span> <span class='ocrx_word' id='word_1_19' title='bbox 832 472 1055 527; x_wconf 88' lang='lat' dir='ltr'><strong>ponere</strong></span> <span class='ocrx_word' id='word_1_20' title='bbox 1072 458 1114 487; x_wconf 80' lang='lat'><strong>¹⁴</strong></span> <span class='ocrx_word' id='word_1_21' title='bbox 1137 463 1531 532; x_wconf 74' lang='lat' dir='ltr'><strong>venerarique</strong></span> <span class='ocrx_word' id='word_1_22' title='bbox 1555 464 1633 524; x_wconf 88' lang='lat' dir='ltr'><strong>te,</strong></span> <span class='ocrx_word' id='word_1_23' title='bbox 1665 459 1728 514; x_wconf 85' lang='lat' dir='ltr'><strong>ut</strong></span> <span class='ocrx_word' id='word_1_24' title='bbox 1757 459 1930 513; x_wconf 89' lang='lat' dir='ltr'><strong>deum</strong></span> <span class='ocrx_word' id='word_1_25' title='bbox 1954 475 1968 514; x_wconf 91' lang='lat'><strong>:</strong></span> <span class='ocrx_word' id='word_1_26' title='bbox 1998 462 2062 512; x_wconf 93' lang='lat' dir='ltr'><strong>tu</strong></span> <span class='ocrx_word' id='word_1_27' title='bbox 2094 455 2396 527; x_wconf 86' lang='lat' dir='ltr'><strong>Philippum</strong></span> 
     </span>
     <span class='ocr_line' id='line_1_8' title="bbox 476 544 2394 622; baseline 0.003 -29"><span class='ocrx_word' id='word_1_28' title='bbox 476 544 703 612; x_wconf 89' lang='lat' dir='ltr'><strong>patrem</strong></span> <span class='ocrx_word' id='word_1_29' title='bbox 732 546 1053 615; x_wconf 81' lang='lat' dir='ltr'><strong>aversaris,</strong></span> <span class='ocrx_word' id='word_1_30' title='bbox 1078 551 1153 619; x_wconf 87' lang='lat' dir='ltr'><strong>et,</strong></span> <span class='ocrx_word' id='word_1_31' title='bbox 1177 549 1230 602; x_wconf 91' lang='lat' dir='ltr'><strong>si</strong></span> <span class='ocrx_word' id='word_1_32' title='bbox 1252 549 1387 619; x_wconf 91' lang='lat' dir='ltr'><strong>quis</strong></span> <span class='ocrx_word' id='word_1_33' title='bbox 1414 548 1661 604; x_wconf 88' lang='lat' dir='ltr'><strong>deorum</strong></span> <span class='ocrx_word' id='word_1_34' title='bbox 1680 551 1813 601; x_wconf 89' lang='lat' dir='ltr'><strong>ante</strong></span> <span class='ocrx_word' id='word_1_35' title='bbox 1832 547 1864 600; x_wconf 82' lang='lat' dir='ltr'><strong>J</strong></span> <span class='ocrx_word' id='word_1_36' title='bbox 1870 560 2041 600; x_wconf 88' lang='lat' dir='ltr'><strong>ovem</strong></span> <span class='ocrx_word' id='word_1_37' title='bbox 2056 546 2078 566; x_wconf 82' lang='lat'><strong>*</strong></span> <span class='ocrx_word' id='word_1_38' title='bbox 2096 545 2394 622; x_wconf 82' lang='lat' dir='ltr'><strong>haberetur,</strong></span> 
     </span>
     <span class='ocr_line' id='line_1_9' title="bbox 475 629 2395 705; baseline 0.002 -22"><span class='ocrx_word' id='word_1_39' title='bbox 475 629 775 687; x_wconf 80' lang='lat' dir='ltr'><strong>fastidires</strong></span> <span class='ocrx_word' id='word_1_40' title='bbox 799 634 974 689; x_wconf 90' lang='lat' dir='ltr'><strong>etiam</strong></span> <span class='ocrx_word' id='word_1_41' title='bbox 994 635 1222 694; x_wconf 81' lang='lat' dir='ltr'><strong>Jovem.</strong></span> <span class='ocrx_word' id='word_1_42' title='bbox 1248 638 1509 705; x_wconf 87' lang='lat' dir='ltr'><strong>Miraris,</strong></span> <span class='ocrx_word' id='word_1_43' title='bbox 1534 639 1586 692; x_wconf 92' lang='lat' dir='ltr'><strong>si</strong></span> <span class='ocrx_word' id='word_1_44' title='bbox 1616 636 1792 691; x_wconf 85' lang='lat' dir='ltr'><strong>liberi</strong></span> <span class='ocrx_word' id='word_1_45' title='bbox 1810 635 2084 690; x_wconf 88' lang='lat' dir='ltr'><strong>homines</strong></span> <span class='ocrx_word' id='word_1_46' title='bbox 2099 634 2395 704; x_wconf 84' lang='lat' dir='ltr'><strong>superbiam</strong></span> 
     </span>
     <span class='ocr_line' id='line_1_10' title="bbox 478 719 2393 795; baseline 0.001 -23"><span class='ocrx_word' id='word_1_47' title='bbox 478 721 637 774; x_wconf 89' lang='lat' dir='ltr'><strong>tuam</strong></span> <span class='ocrx_word' id='word_1_48' title='bbox 677 719 828 777; x_wconf 81' lang='lat' dir='ltr'><strong>ferre</strong></span> <span class='ocrx_word' id='word_1_49' title='bbox 864 740 982 778; x_wconf 89' lang='lat' dir='ltr'><strong>non</strong></span> <span class='ocrx_word' id='word_1_50' title='bbox 1028 729 1400 795; x_wconf 77' lang='lat' dir='ltr'><strong>possumus?</strong></span> <span class='ocrx_word' id='word_1_51' title='bbox 1436 725 1588 791; x_wconf 87' lang='lat' dir='ltr'><strong>Quid</strong></span> <span class='ocrx_word' id='word_1_52' title='bbox 1637 739 1949 794; x_wconf 84' lang='lat' dir='ltr'><strong>speramus</strong></span> <span class='ocrx_word' id='word_1_53' title='bbox 1988 738 2064 777; x_wconf 86' lang='lat' dir='ltr'><strong>ex</strong></span> <span class='ocrx_word' id='word_1_54' title='bbox 2098 721 2177 785; x_wconf 84' lang='lat' dir='ltr'><strong>te,</strong></span> <span class='ocrx_word' id='word_1_55' title='bbox 2218 721 2393 792; x_wconf 86' lang='lat' dir='ltr'><strong>quibus</strong></span> 
     </span>
     <span class='ocr_line' id='line_1_11' title="bbox 479 809 2388 884; baseline 0 -22"><span class='ocrx_word' id='word_1_56' title='bbox 479 811 578 863; x_wconf 89' lang='lat' dir='ltr'><strong>aut</strong></span> <span class='ocrx_word' id='word_1_57' title='bbox 605 810 946 866; x_wconf 78' lang='lat' dir='ltr'><strong>insontibus</strong></span> <span class='ocrx_word' id='word_1_58' title='bbox 969 812 1339 868; x_wconf 84' lang='lat' dir='ltr'><strong>moriendum</strong></span> <span class='ocrx_word' id='word_1_59' title='bbox 1368 817 1482 884; x_wconf 90' lang='lat' dir='ltr'><strong>est,</strong></span> <span class='ocrx_word' id='word_1_60' title='bbox 1517 819 1634 883; x_wconf 89' lang='lat' dir='ltr'><strong>aut,</strong></span> <span class='ocrx_word' id='word_1_61' title='bbox 1664 811 1821 884; x_wconf 91' lang='lat' dir='ltr'><strong>quod</strong></span> <span class='ocrx_word' id='word_1_62' title='bbox 1852 810 2082 865; x_wconf 89' lang='lat' dir='ltr'><strong>tristius</strong></span> <span class='ocrx_word' id='word_1_63' title='bbox 2109 809 2288 865; x_wconf 88' lang='lat' dir='ltr'><strong>morte</strong></span> <span class='ocrx_word' id='word_1_64' title='bbox 2314 810 2388 873; x_wconf 83' lang='lat' dir='ltr'><strong>est,</strong></span> 
     </span>
     <span class='ocr_line' id='line_1_12' title="bbox 479 896 2392 973; baseline 0.001 -22"><span class='ocrx_word' id='word_1_65' title='bbox 479 897 539 951; x_wconf 89' lang='lat' dir='ltr'><strong>in</strong></span> <span class='ocrx_word' id='word_1_66' title='bbox 571 901 851 956; x_wconf 84' lang='lat' dir='ltr'><strong>servitute</strong></span> <span class='ocrx_word' id='word_1_67' title='bbox 878 902 1240 960; x_wconf 77' lang='lat' dir='ltr'><strong>vivendum?</strong></span> <span class='ocrx_word' id='word_1_68' title='bbox 1265 903 1351 957; x_wconf 92' lang='lat' dir='ltr'><strong>Tu</strong></span> <span class='ocrx_word' id='word_1_69' title='bbox 1381 902 1636 973; x_wconf 88' lang='lat' dir='ltr'><strong>quidem,</strong></span> <span class='ocrx_word' id='word_1_70' title='bbox 1670 902 1723 955; x_wconf 90' lang='lat' dir='ltr'><strong>si</strong></span> <span class='ocrx_word' id='word_1_71' title='bbox 1751 900 2055 955; x_wconf 87' lang='lat' dir='ltr'><strong>emendari</strong></span> <span class='ocrx_word' id='word_1_72' title='bbox 2074 901 2263 969; x_wconf 76' lang='lat' dir='ltr'><strong>poteS,</strong></span> <span class='ocrx_word' id='word_1_73' title='bbox 2286 896 2392 952; x_wconf 83' lang='lat' dir='ltr'><strong>mul-</strong></span> 
     </span>
     <span class='ocr_line' id='line_1_13' title="bbox 478 986 2395 1059; baseline 0 -18"><span class='ocrx_word' id='word_1_74' title='bbox 478 994 601 1041; x_wconf 88' lang='lat' dir='ltr'><strong>tum</strong></span> <span class='ocrx_word' id='word_1_75' title='bbox 629 989 774 1043; x_wconf 90' lang='lat' dir='ltr'><strong>mihi</strong></span> <span class='ocrx_word' id='word_1_76' title='bbox 817 989 1020 1046; x_wconf 82' lang='lat' dir='ltr'><strong>debes,</strong></span> <span class='ocrx_word' id='word_1_77' title='bbox 1052 990 1142 1045; x_wconf 83' lang='lat' dir='ltr'><strong>Ex</strong></span> <span class='ocrx_word' id='word_1_78' title='bbox 1179 1007 1275 1046; x_wconf 88' lang='lat' dir='ltr'><strong>me</strong></span> <span class='ocrx_word' id='word_1_79' title='bbox 1322 992 1481 1046; x_wconf 91' lang='lat' dir='ltr'><strong>enim</strong></span> <span class='ocrx_word' id='word_1_80' title='bbox 1524 993 1679 1046; x_wconf 86' lang='lat' dir='ltr'><strong>scire</strong></span> <span class='ocrx_word' id='word_1_81' title='bbox 1722 989 1953 1059; x_wconf 89' lang='lat' dir='ltr'><strong>coepisti</strong></span> <span class='ocrx_word' id='word_1_82' title='bbox 1998 988 2141 1059; x_wconf 87' lang='lat' dir='ltr'><strong>quid</strong></span> <span class='ocrx_word' id='word_1_83' title='bbox 2189 986 2395 1058; x_wconf 82' lang='lat' dir='ltr'><strong>ingenui</strong></span> 
     </span>
     <span class='ocr_line' id='line_1_14' title="bbox 479 1073 2395 1150; baseline 0 -22"><span class='ocrx_word' id='word_1_84' title='bbox 479 1073 752 1130; x_wconf 89' lang='lat' dir='ltr'><strong>homines</strong></span> <span class='ocrx_word' id='word_1_85' title='bbox 783 1073 941 1133; x_wconf 79' lang='lat' dir='ltr'><strong>ferre</strong></span> <span class='ocrx_word' id='word_1_86' title='bbox 968 1095 1088 1134; x_wconf 90' lang='lat' dir='ltr'><strong>non</strong></span> <span class='ocrx_word' id='word_1_87' title='bbox 1117 1080 1373 1150; x_wconf 85' lang='lat' dir='ltr'><strong>possint.</strong></span> <span class='ocrx_word' id='word_1_88' title='bbox 1405 1079 1490 1134; x_wconf 90' lang='lat' dir='ltr'><strong>De</strong></span> <span class='ocrx_word' id='word_1_89' title='bbox 1521 1082 1716 1134; x_wconf 87' lang='lat' dir='ltr'><strong>cetero</strong></span> <span class='ocrx_word' id='word_1_90' title='bbox 1747 1093 1955 1149; x_wconf 86' lang='lat' dir='ltr'><strong>parce:</strong></span> <span class='ocrx_word' id='word_1_91' title='bbox 1978 1092 2230 1147; x_wconf 91' lang='lat' dir='ltr'><strong>quorum</strong></span> <span class='ocrx_word' id='word_1_92' title='bbox 2259 1075 2395 1130; x_wconf 84' lang='lat' dir='ltr'><strong>orbas</strong></span> 
     </span>
     <span class='ocr_line' id='line_1_15' title="bbox 480 1161 2393 1237; baseline -0.001 -21"><span class='ocrx_word' id='word_1_93' title='bbox 480 1166 859 1234; x_wconf 87' lang='lat' dir='ltr'><strong>senectutem,</strong></span> <span class='ocrx_word' id='word_1_94' title='bbox 894 1167 1204 1237; x_wconf 83' lang='lat' dir='ltr'><strong>suppliciis</strong></span> <span class='ocrx_word' id='word_1_95' title='bbox 1233 1184 1308 1223; x_wconf 89' lang='lat' dir='ltr'><strong>ne</strong></span> <span class='ocrx_word' id='word_1_96' title='bbox 1353 1167 1720 1222; x_wconf 85' lang='lat' dir='ltr'><strong>oneraveris.</strong></span> <span class='ocrx_word' id='word_1_97' title='bbox 1757 1165 1884 1220; x_wconf 90' lang='lat' dir='ltr'><strong>Nos</strong></span> <span class='ocrx_word' id='word_1_98' title='bbox 1917 1164 2067 1236; x_wconf 79' lang='lat' dir='ltr'><strong>jube</strong></span> <span class='ocrx_word' id='word_1_99' title='bbox 2104 1163 2238 1218; x_wconf 91' lang='lat' dir='ltr'><strong>duci</strong></span> <span class='ocrx_word' id='word_1_100' title='bbox 2255 1161 2312 1231; x_wconf 73' lang='lat'><strong>⁴⁸,</strong></span> <span class='ocrx_word' id='word_1_101' title='bbox 2340 1166 2393 1228; x_wconf 86' lang='lat' dir='ltr'><strong>ut,</strong></span> 
     </span>
     <span class='ocr_line' id='line_1_16' title="bbox 480 1250 2392 1327; baseline 0.001 -23"><span class='ocrx_word' id='word_1_102' title='bbox 480 1251 634 1319; x_wconf 88' lang='lat' dir='ltr'><strong>quod</strong></span> <span class='ocrx_word' id='word_1_103' title='bbox 676 1267 750 1306; x_wconf 86' lang='lat' dir='ltr'><strong>ex</strong></span> <span class='ocrx_word' id='word_1_104' title='bbox 794 1256 894 1308; x_wconf 90' lang='lat' dir='ltr'><strong>tua</strong></span> <span class='ocrx_word' id='word_1_105' title='bbox 941 1259 1131 1311; x_wconf 88' lang='lat' dir='ltr'><strong>morte</strong></span> <span class='ocrx_word' id='word_1_106' title='bbox 1166 1250 1552 1327; x_wconf 78' lang='lat' dir='ltr'><strong>petieramuS,</strong></span> <span class='ocrx_word' id='word_1_107' title='bbox 1584 1269 2019 1325; x_wconf 84' lang='lat' dir='ltr'><strong>consequamur</strong></span> <span class='ocrx_word' id='word_1_108' title='bbox 2046 1267 2124 1308; x_wconf 81' lang='lat' dir='ltr'><strong>ex</strong></span> <span class='ocrx_word' id='word_1_109' title='bbox 2152 1255 2355 1307; x_wconf 82' lang='lat' dir='ltr'><strong>nostra.</strong></span> <span class='ocrx_word' id='word_1_110' title='bbox 2376 1266 2392 1298; x_wconf 73' lang='grc' dir='ltr'><strong>ι</strong></span> 
     </span>
     <span class='ocr_line' id='line_1_17' title="bbox 480 1340 1023 1400; baseline 0.009 -6"><span class='ocrx_word' id='word_1_111' title='bbox 480 1340 620 1396; x_wconf 79' lang='lat' dir='ltr'><strong>Haec</strong></span> <span class='ocrx_word' id='word_1_112' title='bbox 647 1341 1023 1400; x_wconf 89' lang='lat' dir='ltr'><strong>Hermolaus.</strong></span> 
     </span>
    </p>
   </div>
   <div class='ocr_carea' id='block_1_7' title="bbox 1242 1519 1675 1581">
    <p class='ocr_par' dir='ltr' id='par_1_7' title="bbox 1242 1519 1675 1581">
     <span class='ocr_line' id='line_1_18' title="bbox 1242 1519 1675 1581; baseline -0.012 0"><span class='ocrx_word' id='word_1_113' title='bbox 1242 1519 1496 1581; x_wconf 85' lang='lat' dir='ltr'>CAPUT</span> <span class='ocrx_word' id='word_1_114' title='bbox 1541 1522 1675 1577; x_wconf 89' lang='lat' dir='ltr'>VIII</span> 
     </span>
    </p>
   </div>
   <div class='ocr_carea' id='block_1_8' title="bbox 542 1670 2358 1737">
    <p class='ocr_par' dir='ltr' id='par_1_8' title="bbox 542 1670 2358 1737">
     <span class='ocr_line' id='line_1_19' title="bbox 542 1670 2358 1737; baseline -0.005 -12"><span class='ocrx_word' id='word_1_115' title='bbox 542 1676 798 1725; x_wconf 86' lang='lat' dir='ltr'><strong>Discours</strong></span> <span class='ocrx_word' id='word_1_116' title='bbox 825 1672 1188 1725; x_wconf 87' lang='lat' dir='ltr'><strong>d’Alexandre.</strong></span> <span class='ocrx_word' id='word_1_117' title='bbox 1214 1701 1279 1711; x_wconf 97' lang='lat'>—</span> <span class='ocrx_word' id='word_1_118' title='bbox 1307 1674 1443 1723; x_wconf 74' lang='lat' dir='ltr'><strong>Mol-t</strong></span> <span class='ocrx_word' id='word_1_119' title='bbox 1471 1673 1565 1723; x_wconf 87' lang='lat' dir='ltr'><strong>des</strong></span> <span class='ocrx_word' id='word_1_120' title='bbox 1594 1672 1846 1737; x_wconf 77' lang='lat' dir='ltr'><strong>conjures</strong></span> <span class='ocrx_word' id='word_1_121' title='bbox 1872 1676 1924 1721; x_wconf 89' lang='lat' dir='ltr'><strong>et</strong></span> <span class='ocrx_word' id='word_1_122' title='bbox 1951 1670 2015 1720; x_wconf 90' lang='lat' dir='ltr'><strong>de</strong></span> <span class='ocrx_word' id='word_1_123' title='bbox 2044 1670 2358 1721; x_wconf 76' lang='lat' dir='ltr'><strong>Callisthene.</strong></span> 
     </span>
    </p>
   </div>
   <div class='ocr_carea' id='block_1_9' title="bbox 1296 1794 1678 1865">
    <p class='ocr_par' dir='ltr' id='par_1_9' title="bbox 1296 1794 1678 1865">
     <span class='ocr_line' id='line_1_20' title="bbox 1296 1794 1678 1865; baseline 0.003 -12"><span class='ocrx_word' id='word_1_124' title='bbox 1296 1808 1471 1865; x_wconf 75' lang='lat' dir='ltr'><strong>(niver,</strong></span> <span class='ocrx_word' id='word_1_125' title='bbox 1497 1807 1619 1864; x_wconf 74' lang='lat'><strong>327.)</strong></span> <span class='ocrx_word' id='word_1_126' title='bbox 1673 1794 1678 1800; x_wconf 84' lang='lat'>&#39;</span> 
     </span>
    </p>
   </div>
   <div class='ocr_carea' id='block_1_10' title="bbox 481 1965 2400 2840">
    <p class='ocr_par' dir='ltr' id='par_1_10' title="bbox 481 1965 2400 2486">
     <span class='ocr_line' id='line_1_21' title="bbox 551 1965 2396 2041; baseline -0.005 -17"><span class='ocrx_word' id='word_1_127' title='bbox 551 1968 628 2024; x_wconf 88' lang='lat' dir='ltr'><strong>At</strong></span> <span class='ocrx_word' id='word_1_128' title='bbox 655 1980 798 2024; x_wconf 84' lang='lat' dir='ltr'><strong>rex:</strong></span> <span class='ocrx_word' id='word_1_129' title='bbox 844 1987 868 2020; x_wconf 76' lang='grc' dir='ltr'><strong><em>ι</em></strong></span> <span class='ocrx_word' id='word_1_130' title='bbox 901 1966 1090 2034; x_wconf 88' lang='lat' dir='ltr'><strong>Quam</strong></span> <span class='ocrx_word' id='word_1_131' title='bbox 1113 1967 1264 2023; x_wconf 90' lang='lat' dir='ltr'><strong>falsa</strong></span> <span class='ocrx_word' id='word_1_132' title='bbox 1294 1968 1435 2041; x_wconf 88' lang='lat' dir='ltr'><strong>sint,</strong></span> <span class='ocrx_word' id='word_1_133' title='bbox 1466 1967 1677 2040; x_wconf 86' lang='lat' dir='ltr'><strong>inquit,</strong></span> <span class='ocrx_word' id='word_1_134' title='bbox 1716 1983 1847 2040; x_wconf 82' lang='lat' dir='ltr'><strong>quae</strong></span> <span class='ocrx_word' id='word_1_135' title='bbox 1874 1966 1989 2022; x_wconf 81' lang='lat' dir='ltr'><strong>iste</strong></span> <span class='ocrx_word' id='word_1_136' title='bbox 2015 1965 2232 2028; x_wconf 86' lang='lat' dir='ltr'><strong>tradita</strong></span> <span class='ocrx_word' id='word_1_137' title='bbox 2258 1979 2288 2019; x_wconf 87' lang='lat' dir='ltr'><strong>a</strong></span> <span class='ocrx_word' id='word_1_138' title='bbox 2307 1975 2396 2016; x_wconf 79' lang='lat' dir='ltr'><strong>ma-</strong></span> 
     </span>
     <span class='ocr_line' id='line_1_22' title="bbox 481 2050 2396 2132; baseline -0.006 -17"><span class='ocrx_word' id='word_1_139' title='bbox 481 2058 672 2132; x_wconf 81' lang='lat' dir='ltr'><strong>gistro</strong></span> <span class='ocrx_word' id='word_1_140' title='bbox 714 2073 824 2113; x_wconf 91' lang='lat' dir='ltr'><strong>suo</strong></span> <span class='ocrx_word' id='word_1_141' title='bbox 873 2057 1039 2126; x_wconf 84' lang='lat' dir='ltr'><strong>dixit,</strong></span> <span class='ocrx_word' id='word_1_142' title='bbox 1072 2059 1354 2128; x_wconf 87' lang='lat' dir='ltr'><strong>patientia</strong></span> <span class='ocrx_word' id='word_1_143' title='bbox 1393 2074 1522 2113; x_wconf 91' lang='lat' dir='ltr'><strong>mea</strong></span> <span class='ocrx_word' id='word_1_144' title='bbox 1570 2056 1852 2114; x_wconf 85' lang='lat' dir='ltr'><strong>ostendit.</strong></span> <span class='ocrx_word' id='word_1_145' title='bbox 1886 2053 2243 2112; x_wconf 85' lang='lat' dir='ltr'><strong>Confessum</strong></span> <span class='ocrx_word' id='word_1_146' title='bbox 2284 2050 2396 2107; x_wconf 83' lang='lat' dir='ltr'><strong>enim</strong></span> 
     </span>
     <span class='ocr_line' id='line_1_23' title="bbox 482 2140 2397 2217; baseline -0.006 -14"><span class='ocrx_word' id='word_1_147' title='bbox 482 2148 752 2204; x_wconf 88' lang='lat' dir='ltr'><strong>ultimum</strong></span> <span class='ocrx_word' id='word_1_148' title='bbox 777 2146 1008 2202; x_wconf 88' lang='lat' dir='ltr'><strong>facinus</strong></span> <span class='ocrx_word' id='word_1_149' title='bbox 1037 2150 1229 2202; x_wconf 90' lang='lat' dir='ltr'><strong>tamen</strong></span> <span class='ocrx_word' id='word_1_150' title='bbox 1259 2163 1382 2202; x_wconf 92' lang='lat' dir='ltr'><strong>non</strong></span> <span class='ocrx_word' id='word_1_151' title='bbox 1412 2147 1620 2203; x_wconf 84' lang='lat' dir='ltr'><strong>solum.</strong></span> <span class='ocrx_word' id='word_1_152' title='bbox 1646 2147 1775 2217; x_wconf 92' lang='lat' dir='ltr'><strong>ipse</strong></span> <span class='ocrx_word' id='word_1_153' title='bbox 1821 2144 2040 2214; x_wconf 79' lang='lat' dir='ltr'><strong>audivi,</strong></span> <span class='ocrx_word' id='word_1_154' title='bbox 2075 2140 2184 2200; x_wconf 86' lang='lat' dir='ltr'><strong>sed</strong></span> <span class='ocrx_word' id='word_1_155' title='bbox 2232 2144 2288 2197; x_wconf 89' lang='lat' dir='ltr'><strong>ut</strong></span> <span class='ocrx_word' id='word_1_156' title='bbox 2315 2152 2397 2193; x_wconf 81' lang='lat' dir='ltr'><strong>vos</strong></span> 
     </span>
     <span class='ocr_line' id='line_1_24' title="bbox 481 2230 2400 2308; baseline -0.007 -15"><span class='ocrx_word' id='word_1_157' title='bbox 481 2237 767 2293; x_wconf 81' lang='lat' dir='ltr'><strong>audiretis</strong></span> <span class='ocrx_word' id='word_1_158' title='bbox 823 2237 1153 2306; x_wconf 82' lang='lat' dir='ltr'><strong>expressi¹‚</strong></span> <span class='ocrx_word' id='word_1_159' title='bbox 1219 2253 1343 2292; x_wconf 89' lang='lat' dir='ltr'><strong>non</strong></span> <span class='ocrx_word' id='word_1_160' title='bbox 1391 2237 1733 2308; x_wconf 89' lang='lat' dir='ltr'><strong>imprudens</strong></span> <span class='ocrx_word' id='word_1_161' title='bbox 1752 2236 1792 2302; x_wconf 80' lang='lat'><strong>²,</strong></span> <span class='ocrx_word' id='word_1_162' title='bbox 1842 2250 1974 2290; x_wconf 91' lang='lat' dir='ltr'><strong>cum</strong></span> <span class='ocrx_word' id='word_1_163' title='bbox 2036 2230 2400 2305; x_wconf 80' lang='lat' dir='ltr'><strong>permisissem</strong></span> 
     </span>
     <span class='ocr_line' id='line_1_25' title="bbox 481 2315 2400 2395; baseline -0.007 -12"><span class='ocrx_word' id='word_1_164' title='bbox 481 2326 701 2384; x_wconf 83' lang='lat' dir='ltr'><strong>latroni</strong></span> <span class='ocrx_word' id='word_1_165' title='bbox 728 2326 864 2381; x_wconf 91' lang='lat' dir='ltr'><strong>huic</strong></span> <span class='ocrx_word' id='word_1_166' title='bbox 893 2326 1112 2393; x_wconf 82' lang='lat' dir='ltr'><strong>dicere,</strong></span> <span class='ocrx_word' id='word_1_167' title='bbox 1147 2327 1435 2380; x_wconf 83' lang='lat' dir='ltr'><strong>usurum⁸</strong></span> <span class='ocrx_word' id='word_1_168' title='bbox 1473 2342 1541 2381; x_wconf 91' lang='lat' dir='ltr'><strong>ea</strong></span> <span class='ocrx_word' id='word_1_169' title='bbox 1587 2326 1772 2394; x_wconf 90' lang='lat' dir='ltr'><strong>rabie,</strong></span> <span class='ocrx_word' id='word_1_170' title='bbox 1805 2340 1918 2395; x_wconf 88' lang='lat' dir='ltr'><strong>qua</strong></span> <span class='ocrx_word' id='word_1_171' title='bbox 1965 2322 2296 2395; x_wconf 89' lang='lat' dir='ltr'><strong>compulsus</strong></span> <span class='ocrx_word' id='word_1_172' title='bbox 2331 2315 2400 2369; x_wconf 78' lang='lat' dir='ltr'><strong>est</strong></span> 
     </span>
     <span class='ocr_line' id='line_1_26' title="bbox 481 2405 2397 2486; baseline -0.008 -14"><span class='ocrx_word' id='word_1_173' title='bbox 481 2423 547 2472; x_wconf 86' lang='lat' dir='ltr'><strong>ut</strong></span> <span class='ocrx_word' id='word_1_174' title='bbox 573 2430 687 2480; x_wconf 90' lang='lat' dir='ltr'><strong>me,</strong></span> <span class='ocrx_word' id='word_1_175' title='bbox 721 2430 895 2486; x_wconf 91' lang='lat' dir='ltr'><strong>quem</strong></span> <span class='ocrx_word' id='word_1_176' title='bbox 940 2414 1207 2485; x_wconf 82' lang='lat' dir='ltr'><strong>parentis</strong></span> <span class='ocrx_word' id='word_1_177' title='bbox 1245 2414 1373 2470; x_wconf 95' lang='lat' dir='ltr'><strong>loco</strong></span> <span class='ocrx_word' id='word_1_178' title='bbox 1419 2415 1613 2469; x_wconf 87' lang='lat' dir='ltr'><strong>colere</strong></span> <span class='ocrx_word' id='word_1_179' title='bbox 1651 2413 1906 2479; x_wconf 82' lang='lat' dir='ltr'><strong>deberet,</strong></span> <span class='ocrx_word' id='word_1_180' title='bbox 1936 2412 2119 2466; x_wconf 86' lang='lat' dir='ltr'><strong>vellet</strong></span> <span class='ocrx_word' id='word_1_181' title='bbox 2161 2405 2397 2465; x_wconf 86' lang='lat' dir='ltr'><strong>occidere.</strong></span> 
     </span>
    </p>

    <p class='ocr_par' dir='ltr' id='par_1_11' title="bbox 485 2492 2400 2840">
     <span class='ocr_line' id='line_1_27' title="bbox 557 2492 2399 2575; baseline -0.006 -17"><span class='ocrx_word' id='word_1_182' title='bbox 557 2492 781 2574; x_wconf 87' lang='lat' dir='ltr'><strong>Nuper,</strong></span> <span class='ocrx_word' id='word_1_183' title='bbox 824 2518 958 2558; x_wconf 91' lang='lat' dir='ltr'><strong>cum</strong></span> <span class='ocrx_word' id='word_1_184' title='bbox 1003 2502 1317 2575; x_wconf 85' lang='lat' dir='ltr'><strong>procacius</strong></span> <span class='ocrx_word' id='word_1_185' title='bbox 1356 2518 1422 2556; x_wconf 87' lang='lat' dir='ltr'><strong>se</strong></span> <span class='ocrx_word' id='word_1_186' title='bbox 1461 2502 1523 2556; x_wconf 91' lang='lat' dir='ltr'><strong>in</strong></span> <span class='ocrx_word' id='word_1_187' title='bbox 1560 2501 1872 2556; x_wconf 86' lang='lat' dir='ltr'><strong>venatione</strong></span> <span class='ocrx_word' id='word_1_188' title='bbox 1917 2498 2232 2573; x_wconf 83' lang='lat' dir='ltr'><strong>gessisset,</strong></span> <span class='ocrx_word' id='word_1_189' title='bbox 2271 2501 2399 2547; x_wconf 70' lang='lat' dir='ltr'><strong>more</strong></span> 
     </span>
     <span class='ocr_line' id='line_1_28' title="bbox 485 2582 2394 2664; baseline -0.004 -16"><span class='ocrx_word' id='word_1_190' title='bbox 485 2591 715 2664; x_wconf 81' lang='lat' dir='ltr'><strong>patrio⁴</strong></span> <span class='ocrx_word' id='word_1_191' title='bbox 761 2595 814 2647; x_wconf 92' lang='lat' dir='ltr'><strong>et</strong></span> <span class='ocrx_word' id='word_1_192' title='bbox 860 2590 932 2646; x_wconf 88' lang='lat' dir='ltr'><strong>ab</strong></span> <span class='ocrx_word' id='word_1_193' title='bbox 980 2591 1414 2663; x_wconf 86' lang='lat' dir='ltr'><strong>antiquissimis</strong></span> <span class='ocrx_word' id='word_1_194' title='bbox 1471 2590 1834 2646; x_wconf 83' lang='lat' dir='ltr'><strong>Macedoniae</strong></span> <span class='ocrx_word' id='word_1_195' title='bbox 1880 2603 2093 2660; x_wconf 83' lang='lat' dir='ltr'><strong>regum</strong></span> <span class='ocrx_word' id='word_1_196' title='bbox 2137 2582 2394 2652; x_wconf 70' lang='lat' dir='ltr'><strong>usurpato·</strong></span> 
     </span>
     <span class='ocr_line' id='line_1_29' title="bbox 488 2670 2400 2752; baseline -0.006 -15"><span class='ocrx_word' id='word_1_197' title='bbox 488 2682 773 2752; x_wconf 83' lang='lat' dir='ltr'><strong>castigari</strong></span> <span class='ocrx_word' id='word_1_198' title='bbox 803 2696 936 2736; x_wconf 92' lang='lat' dir='ltr'><strong>eum</strong></span> <span class='ocrx_word' id='word_1_199' title='bbox 953 2679 1146 2752; x_wconf 81' lang='lat' dir='ltr'><strong>jussi.</strong></span> <span class='ocrx_word' id='word_1_200' title='bbox 1186 2681 1313 2737; x_wconf 88' lang='lat' dir='ltr'><strong>Hoc</strong></span> <span class='ocrx_word' id='word_1_201' title='bbox 1342 2686 1394 2736; x_wconf 88' lang='lat' dir='ltr'><strong>et</strong></span> <span class='ocrx_word' id='word_1_202' title='bbox 1422 2682 1651 2751; x_wconf 85' lang='lat' dir='ltr'><strong>oportet</strong></span> <span class='ocrx_word' id='word_1_203' title='bbox 1694 2679 1843 2748; x_wconf 85' lang='lat' dir='ltr'><strong>fieri,</strong></span> <span class='ocrx_word' id='word_1_204' title='bbox 1874 2682 1946 2745; x_wconf 47' lang='lat' dir='ltr'><strong>et²</strong></span> <span class='ocrx_word' id='word_1_205' title='bbox 1975 2677 2168 2732; x_wconf 87' lang='lat' dir='ltr'><strong>ferunt</strong></span> <span class='ocrx_word' id='word_1_206' title='bbox 2202 2690 2234 2728; x_wconf 92' lang='lat' dir='ltr'><strong>a</strong></span> <span class='ocrx_word' id='word_1_207' title='bbox 2275 2670 2400 2724; x_wconf 80' lang='lat' dir='ltr'><strong>tuto-</strong></span> 
     </span>
     <span class='ocr_line' id='line_1_30' title="bbox 490 2756 2399 2840; baseline -0.003 -15"><span class='ocrx_word' id='word_1_208' title='bbox 490 2770 659 2825; x_wconf 89' lang='lat' dir='ltr'><strong>ribus</strong></span> <span class='ocrx_word' id='word_1_209' title='bbox 688 2766 918 2840; x_wconf 86' lang='lat' dir='ltr'><strong>pupilli,</strong></span> <span class='ocrx_word' id='word_1_210' title='bbox 948 2786 984 2824; x_wconf 88' lang='lat' dir='ltr'><strong>a</strong></span> <span class='ocrx_word' id='word_1_211' title='bbox 1010 2769 1239 2824; x_wconf 89' lang='lat' dir='ltr'><strong>maritis</strong></span> <span class='ocrx_word' id='word_1_212' title='bbox 1270 2784 1506 2840; x_wconf 84' lang='lat' dir='ltr'><strong>uxoreS,</strong></span> <span class='ocrx_word' id='word_1_213' title='bbox 1540 2768 1740 2823; x_wconf 84' lang='lat' dir='ltr'><strong>servis</strong></span> <span class='ocrx_word' id='word_1_214' title='bbox 1760 2769 1779 2795; x_wconf 82' lang='lat'>⁸</span> <span class='ocrx_word' id='word_1_215' title='bbox 1817 2782 2049 2837; x_wconf 90' lang='lat' dir='ltr'><strong>quoque</strong></span> <span class='ocrx_word' id='word_1_216' title='bbox 2079 2774 2282 2836; x_wconf 86' lang='lat' dir='ltr'><strong>pueros</strong></span> <span class='ocrx_word' id='word_1_217' title='bbox 2312 2756 2399 2819; x_wconf 64' lang='lat' dir='ltr'><strong>hu·</strong></span> 
     </span>
    </p>
   </div>
   <div class='ocr_carea' id='block_1_11' title="bbox 402 2850 2401 2938">
    <p class='ocr_par' dir='ltr' id='par_1_12' title="bbox 402 2850 2401 2938">
     <span class='ocr_line' id='line_1_31' title="bbox 402 2850 2401 2938; baseline -0.005 -23"><span class='ocrx_word' id='word_1_218' title='bbox 402 2865 441 2922; x_wconf 76' lang='lat'>4</span> <span class='ocrx_word' id='word_1_219' title='bbox 483 2860 588 2932; x_wconf 80' lang='lat' dir='ltr'><strong>jus</strong></span> <span class='ocrx_word' id='word_1_220' title='bbox 617 2861 804 2915; x_wconf 82' lang='lat' dir='ltr'><strong>aetatis</strong></span> <span class='ocrx_word' id='word_1_221' title='bbox 831 2859 1152 2915; x_wconf 85' lang='lat' dir='ltr'><strong>verberare</strong></span> <span class='ocrx_word' id='word_1_222' title='bbox 1181 2858 1578 2914; x_wconf 90' lang='lat' dir='ltr'><strong>concedimus.</strong></span> <span class='ocrx_word' id='word_1_223' title='bbox 1609 2858 1751 2913; x_wconf 85' lang='lat' dir='ltr'><strong>Haec</strong></span> <span class='ocrx_word' id='word_1_224' title='bbox 1780 2859 1870 2912; x_wconf 91' lang='lat' dir='ltr'><strong>est</strong></span> <span class='ocrx_word' id='word_1_225' title='bbox 1900 2856 2122 2911; x_wconf 87' lang='lat' dir='ltr'><strong>saevitia</strong></span> <span class='ocrx_word' id='word_1_226' title='bbox 2147 2854 2204 2906; x_wconf 91' lang='lat' dir='ltr'><strong>in</strong></span> <span class='ocrx_word' id='word_1_227' title='bbox 2235 2850 2401 2938; x_wconf 37' lang='lat' dir='ltr'><strong>ipsum.</strong></span> 
     </span>
    </p>
   </div>
   <div class='ocr_carea' id='block_1_12' title="bbox 490 2944 2401 3020">
    <p class='ocr_par' dir='ltr' id='par_1_13' title="bbox 490 2944 2401 3020">
     <span class='ocr_line' id='line_1_32' title="bbox 490 2944 2401 3020; baseline -0.006 -15"><span class='ocrx_word' id='word_1_228' title='bbox 490 2966 642 3018; x_wconf 89' lang='lat' dir='ltr'><strong>mea,</strong></span> <span class='ocrx_word' id='word_1_229' title='bbox 675 2965 850 3020; x_wconf 91' lang='lat' dir='ltr'><strong>quam</strong></span> <span class='ocrx_word' id='word_1_230' title='bbox 894 2950 1077 3020; x_wconf 89' lang='lat' dir='ltr'><strong>impia</strong></span> <span class='ocrx_word' id='word_1_231' title='bbox 1103 2949 1265 3004; x_wconf 79' lang='lat' dir='ltr'><strong>caede</strong></span> <span class='ocrx_word' id='word_1_232' title='bbox 1294 2948 1482 3003; x_wconf 81' lang='lat' dir='ltr'><strong>voluit</strong></span> <span class='ocrx_word' id='word_1_233' title='bbox 1510 2948 1743 3004; x_wconf 86' lang='lat' dir='ltr'><strong>ulcisci.</strong></span> <span class='ocrx_word' id='word_1_234' title='bbox 1782 2946 1934 3002; x_wconf 90' lang='lat' dir='ltr'><strong>Nam</strong></span> <span class='ocrx_word' id='word_1_235' title='bbox 1977 2945 2041 2999; x_wconf 92' lang='lat' dir='ltr'><strong>in</strong></span> <span class='ocrx_word' id='word_1_236' title='bbox 2067 2944 2289 3002; x_wconf 76' lang='lat' dir='ltr'><strong>ceteros,</strong></span> <span class='ocrx_word' id='word_1_237' title='bbox 2316 2946 2401 3003; x_wconf 68' lang='grc' dir='ltr'><strong>ΨΒ</strong></span> 
     </span>
    </p>
   </div>
   <div class='ocr_carea' id='block_1_13' title="bbox 501 3141 2398 3628">
    <p class='ocr_par' dir='ltr' id='par_1_14' title="bbox 545 3141 2145 3199">
     <span class='ocr_line' id='line_1_33' title="bbox 545 3141 2145 3199; baseline -0.004 -9"><span class='ocrx_word' id='word_1_238' title='bbox 545 3149 619 3190; x_wconf 74' lang='grc'><strong>14.</strong></span> <span class='ocrx_word' id='word_1_239' title='bbox 652 3144 796 3189; x_wconf 81' lang='lat' dir='ltr'><strong>Genua</strong></span> <span class='ocrx_word' id='word_1_240' title='bbox 817 3152 981 3199; x_wconf 77' lang='lat' dir='ltr'><strong>ponere</strong></span> <span class='ocrx_word' id='word_1_241' title='bbox 999 3155 1116 3199; x_wconf 88' lang='lat' dir='ltr'><strong>pour</strong></span> <span class='ocrx_word' id='word_1_242' title='bbox 1131 3146 1310 3198; x_wconf 79' lang='lat' dir='ltr'><strong>flectere</strong></span> <span class='ocrx_word' id='word_1_243' title='bbox 1337 3144 1459 3188; x_wconf 86' lang='lat' dir='ltr'><strong>n‘est</strong></span> <span class='ocrx_word' id='word_1_244' title='bbox 1479 3154 1561 3198; x_wconf 85' lang='lat' dir='ltr'><strong>pas</strong></span> <span class='ocrx_word' id='word_1_245' title='bbox 1580 3144 1640 3188; x_wconf 87' lang='lat' dir='ltr'><strong>de</strong></span> <span class='ocrx_word' id='word_1_246' title='bbox 1659 3143 1868 3199; x_wconf 73' lang='lat' dir='ltr'><strong>l&#39;epoque</strong></span> <span class='ocrx_word' id='word_1_247' title='bbox 1899 3141 2145 3197; x_wconf 80' lang='lat' dir='ltr'><strong>classique.</strong></span> 
     </span>
    </p>

    <p class='ocr_par' dir='ltr' id='par_1_15' title="bbox 549 3206 1795 3260">
     <span class='ocr_line' id='line_1_34' title="bbox 549 3206 1795 3260; baseline -0.001 -9"><span class='ocrx_word' id='word_1_248' title='bbox 549 3211 620 3251; x_wconf 70' lang='lat'><strong>15.</strong></span> <span class='ocrx_word' id='word_1_249' title='bbox 653 3206 778 3258; x_wconf 79' lang='lat' dir='ltr'><strong>Duci,</strong></span> <span class='ocrx_word' id='word_1_250' title='bbox 799 3206 1118 3260; x_wconf 75' lang='lat' dir='ltr'><strong>absolument3</strong></span> <span class='ocrx_word' id='word_1_251' title='bbox 1146 3207 1373 3251; x_wconf 85' lang='lat' dir='ltr'><strong>entendez</strong></span> <span class='ocrx_word' id='word_1_252' title='bbox 1395 3207 1497 3253; x_wconf 78' lang='lat' dir='ltr'><strong>duci</strong></span> <span class='ocrx_word' id='word_1_253' title='bbox 1516 3207 1571 3250; x_wconf 79' lang='lat' dir='ltr'><strong>ad</strong></span> <span class='ocrx_word' id='word_1_254' title='bbox 1599 3210 1795 3250; x_wconf 84' lang='lat' dir='ltr'><strong>mortem.</strong></span> 
     </span>
    </p>

    <p class='ocr_par' dir='ltr' id='par_1_16' title="bbox 548 3267 1928 3325">
     <span class='ocr_line' id='line_1_35' title="bbox 548 3267 1928 3325; baseline 0 -14"><span class='ocrx_word' id='word_1_255' title='bbox 548 3272 657 3312; x_wconf 84' lang='lat' dir='ltr'><strong>vm.</strong></span> <span class='ocrx_word' id='word_1_256' title='bbox 685 3289 738 3311; x_wconf 82' lang='lat'><strong>-.—</strong></span> <span class='ocrx_word' id='word_1_257' title='bbox 766 3273 805 3311; x_wconf 80' lang='lat'><strong>1.</strong></span> <span class='ocrx_word' id='word_1_258' title='bbox 836 3267 1065 3322; x_wconf 50' lang='lat' dir='ltr'><strong>Expressa</strong></span> <span class='ocrx_word' id='word_1_259' title='bbox 1096 3268 1289 3322; x_wconf 87' lang='lat' dir='ltr'><strong>indique</strong></span> <span class='ocrx_word' id='word_1_260' title='bbox 1317 3279 1411 3313; x_wconf 89' lang='lat' dir='ltr'><strong>une</strong></span> <span class='ocrx_word' id='word_1_261' title='bbox 1444 3271 1702 3325; x_wconf 79' lang='lat' dir='ltr'><strong>contrainte</strong></span> <span class='ocrx_word' id='word_1_262' title='bbox 1733 3267 1928 3313; x_wconf 79' lang='lat' dir='ltr'><strong>morale.</strong></span> 
     </span>
    </p>

    <p class='ocr_par' dir='ltr' id='par_1_17' title="bbox 501 3312 2398 3444">
     <span class='ocr_line' id='line_1_36' title="bbox 547 3312 2398 3386; baseline 0.001 -14"><span class='ocrx_word' id='word_1_263' title='bbox 547 3329 590 3372; x_wconf 78' lang='lat'><strong>2.</strong></span> <span class='ocrx_word' id='word_1_264' title='bbox 619 3328 711 3372; x_wconf 81' lang='lat' dir='ltr'><strong>Non</strong></span> <span class='ocrx_word' id='word_1_265' title='bbox 745 3328 996 3380; x_wconf 70' lang='lat' dir='ltr'><strong>imprudens</strong></span> <span class='ocrx_word' id='word_1_266' title='bbox 1036 3333 1111 3372; x_wconf 87' lang='lat' dir='ltr'><strong>est</strong></span> <span class='ocrx_word' id='word_1_267' title='bbox 1156 3328 1459 3385; x_wconf 80' lang='lat' dir='ltr'><strong>1’equivalent</strong></span> <span class='ocrx_word' id='word_1_268' title='bbox 1507 3332 1565 3375; x_wconf 82' lang='lat' dir='ltr'><strong>de</strong></span> <span class='ocrx_word' id='word_1_269' title='bbox 1594 3331 1814 3386; x_wconf 71' lang='lat' dir='ltr'><strong>prudeus.</strong></span> <span class='ocrx_word' id='word_1_270' title='bbox 1856 3333 1977 3375; x_wconf 83' lang='lat' dir='ltr'><strong>Nous</strong></span> <span class='ocrx_word' id='word_1_271' title='bbox 2019 3336 2155 3375; x_wconf 82' lang='lat' dir='ltr'><strong>avons</strong></span> <span class='ocrx_word' id='word_1_272' title='bbox 2201 3326 2253 3366; x_wconf 65' lang='lat' dir='ltr'><strong>vn</strong></span> <span class='ocrx_word' id='word_1_273' title='bbox 2291 3312 2398 3358; x_wconf 53' lang='grc' dir='ltr'><strong>ΜΝ</strong></span> 
     </span>
     <span class='ocr_line' id='line_1_37' title="bbox 501 3387 1300 3444; baseline 0.003 -11"><span class='ocrx_word' id='word_1_274' title='bbox 501 3388 830 3433; x_wconf 84' lang='lat' dir='ltr'><strong>construction.</strong></span> <span class='ocrx_word' id='word_1_275' title='bbox 855 3387 922 3429; x_wconf 83' lang='lat' dir='ltr'><strong>cf.</strong></span> <span class='ocrx_word' id='word_1_276' title='bbox 952 3392 1039 3444; x_wconf 80' lang='lat' dir='ltr'><strong>vll,</strong></span> <span class='ocrx_word' id='word_1_277' title='bbox 1059 3402 1091 3443; x_wconf 85' lang='lat'><strong>1,</strong></span> <span class='ocrx_word' id='word_1_278' title='bbox 1116 3397 1223 3434; x_wconf 89' lang='lat' dir='ltr'><strong>note</strong></span> <span class='ocrx_word' id='word_1_279' title='bbox 1249 3393 1300 3435; x_wconf 87' lang='grc'><strong>6.</strong></span> 
     </span>
    </p>

    <p class='ocr_par' dir='ltr' id='par_1_18' title="bbox 551 3447 1417 3506">
     <span class='ocr_line' id='line_1_38' title="bbox 551 3447 1417 3506; baseline 0.01 -17"><span class='ocrx_word' id='word_1_280' title='bbox 551 3454 593 3492; x_wconf 83' lang='grc'><strong>3.</strong></span> <span class='ocrx_word' id='word_1_281' title='bbox 627 3447 828 3497; x_wconf 70' lang='lat' dir='ltr'><strong>Usurum,</strong></span> <span class='ocrx_word' id='word_1_282' title='bbox 855 3447 1020 3500; x_wconf 84' lang='lat' dir='ltr'><strong>ellipse</strong></span> <span class='ocrx_word' id='word_1_283' title='bbox 1048 3450 1110 3494; x_wconf 84' lang='lat' dir='ltr'><strong>dn</strong></span> <span class='ocrx_word' id='word_1_284' title='bbox 1138 3454 1264 3506; x_wconf 84' lang='lat' dir='ltr'><strong>sujet</strong></span> <span class='ocrx_word' id='word_1_285' title='bbox 1296 3465 1417 3499; x_wconf 82' lang='lat' dir='ltr'><strong>eum.</strong></span> 
     </span>
    </p>

    <p class='ocr_par' dir='ltr' id='par_1_19' title="bbox 553 3507 1472 3568">
     <span class='ocr_line' id='line_1_39' title="bbox 553 3507 1472 3568; baseline 0.013 -23"><span class='ocrx_word' id='word_1_286' title='bbox 553 3509 601 3555; x_wconf 72' lang='grc'><strong>4,</strong></span> <span class='ocrx_word' id='word_1_287' title='bbox 633 3507 747 3548; x_wconf 80' lang='lat' dir='ltr'><strong>More</strong></span> <span class='ocrx_word' id='word_1_288' title='bbox 772 3507 943 3559; x_wconf 77' lang='lat' dir='ltr'><strong>patri0.</strong></span> <span class='ocrx_word' id='word_1_289' title='bbox 980 3509 1046 3551; x_wconf 82' lang='lat' dir='ltr'><strong>Cf.</strong></span> <span class='ocrx_word' id='word_1_290' title='bbox 1076 3514 1182 3565; x_wconf 85' lang='lat' dir='ltr'><strong>V111,</strong></span> <span class='ocrx_word' id='word_1_291' title='bbox 1213 3524 1278 3568; x_wconf 77' lang='lat' dir='ltr'><strong>vi,</strong></span> <span class='ocrx_word' id='word_1_292' title='bbox 1305 3514 1333 3555; x_wconf 80' lang='lat'>5</span> <span class='ocrx_word' id='word_1_293' title='bbox 1359 3519 1407 3558; x_wconf 85' lang='lat' dir='ltr'><strong>et</strong></span> <span class='ocrx_word' id='word_1_294' title='bbox 1429 3516 1472 3559; x_wconf 83' lang='lat'><strong>7.</strong></span> 
     </span>
    </p>

    <p class='ocr_par' dir='ltr' id='par_1_20' title="bbox 553 3565 1393 3628">
     <span class='ocr_line' id='line_1_40' title="bbox 553 3565 1393 3628; baseline 0.006 -15"><span class='ocrx_word' id='word_1_295' title='bbox 553 3573 596 3613; x_wconf 69' lang='grc' dir='ltr'><strong>Β.</strong></span> <span class='ocrx_word' id='word_1_296' title='bbox 625 3566 790 3623; x_wconf 69' lang='lat' dir='ltr'><strong>Servis,</strong></span> <span class='ocrx_word' id='word_1_297' title='bbox 817 3565 1105 3615; x_wconf 76' lang='lat' dir='ltr'><strong>c&#39;est-a-dire</strong></span> <span class='ocrx_word' id='word_1_298' title='bbox 1125 3573 1393 3628; x_wconf 72' lang='lat' dir='ltr'><strong>paedaaoois.</strong></span> 
     </span>
    </p>
   </div>
   <div class='ocr_carea' id='block_1_14' title="bbox 2451 0 2453 3925">
    <p class='ocr_par' dir='ltr' id='par_1_21' title="bbox 2451 0 2453 3925">
     <span class='ocr_line' id='line_1_41' title="bbox 2451 0 2453 3925; baseline 0 0"><span class='ocrx_word' id='word_1_299' title='bbox 2451 0 2453 3925; x_wconf 95' lang='lat' dir='ltr'><strong> </strong></span> 
     </span>
    </p>
   </div>
  </div>
 </body>
</html>
