2517 3975
604 273 994 311 msi‘omARcu
1030 272 1366 311 ALEXANDm
1405 275 1483 323 w,
1526 277 1646 312 x1v.
2006 260 2107 314 ΗΠ

147 381 507 438 fortitudinis
535 382 746 439 fuisset
772 381 1101 451 exemplum
1136 400 1150 437 ε
1184 398 1250 436 se
1278 386 1413 437 ante
1443 384 1635 451 prima
1666 383 1839 455 signa
1869 383 2110 438 dimica-

151 477 358 526 turum.
390 472 699 542 Spondere
726 487 834 539 pro
865 486 930 525 se
960 474 1045 525 tot
1077 472 1399 539 cicatrice&
1433 472 1675 527 totidem
1703 474 1975 543 corporis
2009 474 2110 527 de-

149 577 280 615 cora
300 560 319 587 ³
350 577 366 619 z
396 560 547 614 scire
576 561 742 628 ipsos
761 560 780 586 ³
808 575 989 613 unum
1020 575 1183 629 paene
1213 575 1280 614 se
1307 561 1509 629 praedae
1541 562 1872 615 communis
1904 577 2110 615 exsor-

149 654 260 704 tem
296 649 362 702 in
398 648 523 703 illis
558 648 824 702 colendis
881 648 1279 718 ornandisque
1309 664 1600 720 usurpare
1621 649 1641 675 ⁴
1666 650 1927 704 victoriae
1957 665 2110 718 prae-

149 740 287 794 mia.
344 738 484 801 Haec
516 753 582 791 se
623 736 877 791 fortibus
925 737 1074 790 viris
1118 738 1339 791 dicere.
1377 737 1442 791 Si
1490 737 1593 808 qui
1639 735 1965 792 dissimiles
2005 753 2110 791 eo-

147 829 314 881 rum⁸
355 829 581 895 essent,
623 827 718 879 illa
742 827 762 853 ⁰
798 826 986 881 fuisse
1032 826 1330 880 dicturum
1369 844 1383 880 ε
1431 828 1782 896 pervenisse
1822 843 1893 882 oo
1957 828 2110 881 unde

148 914 352 987 fugere
378 931 501 969 non
531 918 795 983 possent.
828 915 938 968 Tot
967 918 1256 969 terrarum
1288 917 1481 984 spatia
1504 915 1784 986 emensis,
1817 919 1905 970 tot
1928 917 2115 970 amni-

149 1005 263 1060 hus
301 1005 719 1074 montibusque
764 1007 900 1073 post
944 1007 1181 1073 tergum
1219 1004 1491 1075 objectis,
1524 1005 1634 1059 iter
1672 1005 1734 1059 in
1763 1005 2015 1074 patriam
2054 1009 2111 1059 et

150 1094 429 1165 penates*
456 1108 630 1146 manu
650 1106 786 1146 esse
812 1091 1166 1146 faciendum.
1199 1115 1220 1139 »
1246 1091 1347 1147 Sic
1374 1093 1580 1157 duces»,
1607 1092 1692 1146 sic
1721 1094 1980 1164 proximi
2000 1093 2113 1146 mi-

151 1183 318 1236 litum
348 1180 604 1235 instincti
637 1182 796 1235 sunt.
1787 1228 1796 1235 1

221 1271 439 1325 Darius
465 1270 529 1323 in
557 1269 704 1324 laevo
734 1285 922 1324 cornu
950 1272 1094 1335 erat,
1129 1285 1345 1341 magno
1379 1286 1623 1324 suorum
1653 1271 1909 1340 agmine,
1934 1271 2117 1326 delec-

154 1361 228 1415 tis
256 1360 519 1430 equitum
549 1359 927 1428 peditumque
956 1359 1230 1429 stipatus,
1273 1363 1826 1431 contempseratque
1855 1362 2116 1430 paucita-

154 1452 267 1504 tem
312 1448 527 1512 hostiS,
577 1448 830 1501 vanam⁷
875 1447 1056 1502 aciem
1098 1463 1234 1502 esse
1285 1450 1542 1503 extentis
1583 1450 1866 1504 cornibus
1913 1453 2108 1508 ratus·

156 1536 440 1600 Ceterum,
477 1538 631 1591 sicut
659 1553 837 1591 curru
867 1536 1177 1603 eminebat,
1213 1534 1422 1591 dextra
1451 1538 1712 1607 laevaque
1756 1539 1828 1591 ad
1868 1540 2118 1594 circum-

155 1626 364 1681 stantia
393 1626 634 1694 agmina
665 1625 871 1679 oculos
901 1640 1228 1694 manusque
1261 1624 1685 1680 circumferens
1719 1644 1731 1679 :

200 1702 265 1763 Χ
289 1715 629 1777 Terrarum,
661 1714 869 1783 inquit,
901 1728 1049 1783 quas
1077 1712 1348 1768 Oceanus
1379 1713 1517 1767 hino
1546 1715 1729 1782 alluit,
1771 1715 1934 1771 illinc
1962 1717 2119 1770 clau·

70 1818 75 1825 ·
152 1803 234 1858 dit
258 1804 706 1872 HellespontuS,
739 1802 912 1873 paulo
941 1807 1077 1857 ante
1105 1801 1347 1871 domini,
1377 1804 1500 1873 jam
1529 1819 1651 1858 non
1679 1805 1751 1859 de
1776 1806 1986 1876 gloria,
2009 1807 2117 1860 sed

158 1892 224 1947 de
248 1893 459 1954 salute,
491 1896 547 1947 et
586 1891 744 1962 quod
781 1890 961 1945 saluti
1000 1892 1367 1961 praeponitis,
1400 1891 1702 1946 libertate⁸
1731 1894 2116 1964 pugnandum

161 1983 264 2037 est.
297 1982 400 2037 Hic
429 1981 558 2036 dies
587 1981 923 2051 imperium,
959 1997 1076 2053 quo
1110 1980 1337 2035 nullum
1365 1981 1617 2051 amplius
1648 1983 1794 2036 vidit
1822 1993 1987 2050 setae,
2012 1984 2114 2036 aut

160 2072 465 2126 constituet
494 2074 594 2124 aut
622 2070 809 2125 finiet.
840 2070 1013 2139 Apud
1054 2069 1373 2124 Granicum
1413 2071 1655 2124 minima
1692 2072 1911 2124 virium
1950 2074 2115 2141 parte

164 2173 290 2213 cum
319 2159 479 2216 hoste
509 2160 867 2213 certavimus
897 2176 910 2213 :
945 2158 1008 2211 in
1040 2158 1240 2213 Cdlicia
1274 2159 1464 2213 victos
1492 2157 1662 2228 Syria
1691 2163 1919 2228 poterat
1945 2161 2115 2215 exci-

161 2261 296 2315 pere
345 2266 357 2302 :
408 2264 624 2320 magna
670 2250 1030 2302 munimenta
1066 2250 1237 2319 regni
1295 2247 1498 2315 Tigris
1553 2251 1727 2317 atque
1783 2247 2115 2317 Euphrates

164 2340 339 2394 erant.
371 2338 628 2392 Ventum
677 2340 768 2391 est
813 2352 905 2403 eo,
938 2335 1092 2390 unde
1140 2335 1336 2407 pulsis
1377 2352 1450 2390 ne
1491 2336 1649 2408 fugae
1681 2336 1915 2406 quidem
1943 2338 2112 2393 locus

164 2428 270 2480 est.
296 2426 503 2481 Omnia
552 2430 671 2480 tam
717 2425 943 2482 diutino
982 2425 1138 2480 bello
1177 2424 1460 2479 exhausta
1497 2432 1631 2495 post
1660 2428 1896 2497 tergum
1925 2430 2065 2481 sunt
2095 2446 2108 2482 :

165 2528 273 2567 non
298 2515 522 2570 incolas
553 2530 694 2568 suos
721 2514 925 2579 urbeS,
960 2530 1079 2568 non
1122 2514 1382 2569 cultores
1412 2513 1628 2567 hahent
1659 2518 1853 2569 terrae.
1887 2515 2117 2587 Conju-

166 2615 270 2671 ges
297 2620 527 2676 quoque
557 2606 617 2660 et
645 2603 821 2658 liberi
850 2605 1181 2673 sequuntur
1201 2602 1220 2629 ⁹
1269 2603 1419 2657 hanc
1458 2605 1662 2666 aciem,
1694 2611 1895 2673 parata
1922 2605 2114 2660 hosti-

167 2690 273 2745 bus
296 2695 507 2764 praeda‚
540 2693 663 2746 nisi
691 2708 800 2762 pro
832 2691 1162 2746 carissimis
1193 2691 1553 2764 pignoribus
1592 2708 1839 2763 corpora
1868 2697 2113 2766 opponi-

168 2791 315 2836 mus,
368 2780 536 2846 Quod
586 2795 848 2834 mearum
894 2778 1002 2834 fuit
1048 2780 1323 2849 partium,
1357 2779 1699 2847 exercitum,
1740 2796 1915 2851 quern
1951 2799 2116 2853 paene

218 2981 260 3021 Ξ.
297 2981 487 3024 Totidem
515 2977 971 3033 decora‚apposition
990 2975 1017 3021 a
1047 2977 1301 3022 cicatrices.

216 3044 261 3085 3.
290 3044 409 3087 Scire
443 3045 581 3098 ipsos.
612 3042 935 3087 construisez:
965 3041 1088 3095 Ipsos
1121 3040 1204 3098 (les
1225 3038 1420 3095 soldats)
1450 3040 1567 3084 scire
1596 3052 1644 3085 se
1671 3039 1971 3096 (Alexandro)
1999 3056 2120 3100 poene

169 3112 289 3146 unum
314 3116 406 3150 esse
432 3108 652 3149 ‹sanem-tem
674 3104 837 3157 praeaae
862 3104 1121 3147 communis.

218 3164 263 3209 4.
296 3167 508 3222 usurpare
538 3176 718 3211 comme
746 3176 1020 3209 consumere.

218 3230 262 3270 5.
291 3228 466 3282 Eorum,
491 3228 785 3274 c'est-a-dire
811 3227 998 3282 sortium
1028 3227 1238 3272 vlrorum.

219 3286 262 3337 6.
292 3291 376 3334 Ιιία
403 3292 540 3346 saissa
569 3292 809 3335 dicturum.
835 3290 942 3340 Illa,
973 3300 1026 3331 ce
1051 3291 1126 3343 qui
1155 3302 1210 3331 va
1231 3289 1409 3332 suivre.

223 3353 266 3393 ’1.
296 3352 467 3406 Vanam,
491 3365 670 3398 comme
698 3355 804 3408 plus
841 3353 943 3402 bas,
970 3352 991 3406 ἓ
1022 3352 1087 3404 14,
1109 3351 1294 3394 mediam
1322 3351 1459 3393 aciem
1487 3363 1636 3395 vanam
1650 3364 1667 3402 ;
1695 3353 1917 3397 entendez
1942 3353 2118 3400 exilem,

183 3419 328 3462 raram.
351 3417 467 3460 C'est
512 3428 605 3460 une
634 3416 830 3459 allusion
876 3414 903 3458 ὲι
941 3414 1106 3457 l'ordre
1136 3413 1306 3465 adopts
1340 3424 1419 3466 par
1449 3414 1723 3458 Alexandro.
1760 3429 1783 3454 α
1814 3415 1897 3466 Qui
1927 3414 2126 3457 cornibus·

185 3479 450 3523 firmet-ant...
485 3480 624 3523 aciem
653 3478 954 3522 exinanirent.
977 3492 1004 3518 n
1029 3477 1127 3531 (Ch.
1161 3486 1264 3525 xm,
1296 3475 1433 3529 §34·)

228 3539 268 3582 8.
300 3540 529 3588 Libertum,
552 3540 853 3585 c'est-a-dire
884 3550 1001 3595 pour
1018 3551 1076 3581 ne
1100 3550 1182 3591 pas
1212 3539 1309 3580 etz-e
1340 3539 1517 3583 soumis
1537 3551 1633 3583 aux
1661 3537 1991 3581 Macedonicus.

230 3602 273 3641 9.
305 3600 556 3657 Sequuntur.
586 3608 733 3658 L'sage
763 3601 947 3657 gcneral
971 3599 1376 3654 dansl'antiquitc.

2172 1990 2242 2046 10

2170 2344 2236 2399 11

2174 2788 2241 2844 12
