2517 3975
419 241 492 296 34
1184 259 1238 305 Q.
1281 259 1451 300 curru
1487 260 1624 299 mm

421 365 707 421 custodiae
754 369 810 421 et
853 367 1146 438 pedestris
1193 369 1374 437 acieS,
1408 368 1795 440 quadraginta
1826 367 2028 434 millia,
2062 367 2391 439 sequeban-

333 453 368 505 5
421 458 518 509 tur
547 468 561 508 ε
593 456 854 526 Hyrcani
882 457 1091 511 deinde
1121 457 1396 529 Medique
1420 457 1644 528 equites
1685 476 1699 511 ι
1750 457 1846 511 his
1876 456 2129 528 proximi
2166 459 2391 512 cetera-

418 559 552 598 rum
590 546 909 614 gentium⁴,
966 547 1121 601 ultra
1165 562 1274 602 eos
1322 546 1526 601 dextra
1573 547 1838 616 laevaque
1888 547 2197 615 dispositi.
2262 547 2396 602 Hoc

421 648 658 704 agmen,
692 635 846 689 sicut
876 635 1093 689 dictum
1125 638 1236 703 est,
1269 636 1623 690 instructum
1649 652 1712 689 w
1742 635 1929 689 millia
1949 635 2353 707 jaculatorum
2373 637 2395 656 *

330 720 367 774 6
420 719 817 777 funditorum*
837 740 949 793 que
1003 725 1443 779 antecedebant.
1483 721 1773 793 Quidquid
1813 724 1877 777 in
1934 724 2054 777 illis
2096 723 2393 796 angustiis

419 809 571 863 adiri
601 814 848 882 poterat,
882 813 1274 881 impleverant
1300 811 1508 883 copiae,
1540 809 1887 881 cornuaque
1924 811 2061 866 hinc
2103 812 2177 866 ab
2214 811 2387 883 jugo,

418 898 581 954 illinc
628 915 662 952 a
705 901 855 954 mari
893 885 1153 955 stabant.
1190 900 1460 956 Uxorem
1501 904 1864 969 matremque
1908 900 2078 971 regis
2121 901 2178 955 et
2206 900 2392 955 alium

419 985 775 1043 feminarum
801 1004 1047 1062 gregem
1074 990 1138 1044 in
1164 989 1426 1044 medium
1463 1004 1679 1058 agmen
1711 990 2080 1058 acceperant.

331 1075 364 1129 7
489 1076 830 1131 Alexander
874 1078 1230 1148 phalangem
1248 1078 1293 1146 ¹⁴,
1326 1094 1440 1148 qua
1467 1078 1620 1131 nihil
1650 1077 1806 1148 apud
1850 1077 2206 1145 Macedonas
2230 1078 2394 1132 vali-

419 1165 557 1220 dius
583 1169 728 1232 erat,
762 1167 824 1219 in
846 1165 1043 1223 fronte
1063 1167 1390 1223 constituit.
1422 1167 1707 1221 Dextrum
1731 1181 1917 1220 cornu
1937 1167 2222 1233 Nicanor,
2243 1167 2393 1221 Par-

416 1254 714 1309 menionis
744 1254 923 1324 filius,
954 1257 1224 1314 tuebatur
1276 1273 1291 1311 ε
1341 1255 1480 1311 huic
1505 1255 1766 1327 proximi
1806 1255 2042 1310 stabant
2068 1254 2290 1311 Goenos
2334 1261 2396 1310 et

416 1343 732 1398 Perdiccas
757 1346 817 1399 et
860 1344 1160 1416 Meleager
1188 1346 1249 1399 et
1289 1344 1645 1399 Ptolemaeus
1673 1346 1729 1398 et
1756 1343 2062 1414 Amyntas,
2103 1343 2199 1398 sui
2228 1345 2402 1413 quis-

333 1431 366 1486 8
418 1447 533 1503 que
559 1432 814 1505 agminis
843 1434 1048 1490 duces,
1079 1433 1147 1487 In
1175 1432 1349 1501 laevo,
1379 1431 1539 1503 quod
1577 1431 1651 1486 ad
1681 1446 1841 1487 mare
1873 1431 2227 1501 pertinebat,
2250 1430 2396 1487 Cra-

417 1522 583 1576 terus
629 1524 687 1578 et
733 1521 1041 1576 Parmenio
1085 1522 1278 1590 erant,
1309 1520 1414 1575 sed
1443 1519 1721 1575 Craterus
1765 1519 2147 1575 Parmenioni
2174 1536 2395 1592 parere

411 1608 652 1680 jussuS.
690 1609 934 1679 Equites
981 1611 1054 1665 ab
1095 1612 1342 1679 utroque
1390 1625 1577 1664 cornu
1623 1609 1796 1664 locati
1838 1627 1858 1664 .·
1888 1609 2159 1663 dextrum
2188 1610 2398 1666 Mace-—

416 1696 603 1751 dones
650 1698 956 1753 Thessalis
994 1698 1277 1770 adjuncti,
1314 1698 1528 1752 laevum
1577 1698 2000 1769 Peloponnesii
2040 1698 2408 1760 tuebantur..

328 1783 364 1838 9
417 1785 569 1839 Ante
598 1786 749 1841 hanc
776 1787 964 1841 aciem
992 1790 1276 1858 posuerat
1304 1786 1706 1841 funditorum*
1726 1803 1983 1855 manum,
2017 1787 2352 1859 sagittariis
2373 1790 2396 1811 *
2493 1835 2494 1860 ,

418 1876 725 1931 admixtis.
754 1876 1014 1932 Thraces
1042 1892 1279 1948 quoque
1308 1880 1368 1932 et
1387 1877 1703 1933 Cretenses
1726 1880 1862 1932 ante
1881 1892 2098 1949 agmen
2125 1876 2315 1944 ibant,
2335 1884 2399 1935 et
2493 1943 2494 1964 χ

294 1960 364 2018 10
415 1963 536 2037 ipsi
579 1965 793 2031 leviter
819 1967 1056 2022 armati.
1123 1967 1199 2022 At
1237 1967 1339 2038 iis,
1382 1967 1482 2040 qui
1510 1967 1810 2038 praemissi
1848 1966 1922 2022 ab
1956 1967 2134 2023 Dario
2179 1968 2397 2041 jugum

415 2056 639 2110 montis
681 2055 1048 2126 insederant,
1091 2056 1426 2129 Agrianos⁸
1472 2058 1750 2127 opposuit
1788 2071 1865 2112 ex
1908 2056 2156 2112 Thracia
2197 2072 2402 2129 nuper

416 2138 724 2201 advectcis.
750 2145 1129 2200 Parmenioni
1156 2148 1352 2201 autem
1385 2146 1766 2218 praeceperat,
1799 2148 1883 2214 ut,
1932 2147 2218 2216 quantum
2245 2162 2406 2217 pos-

416 2236 529 2300 set,
560 2249 774 2306 agmen
806 2236 878 2288 ad
924 2251 1083 2291 mare
1131 2236 1495 2304 extenderet,
1528 2251 1643 2305 quo
1689 2233 1925 2308 longius
1954 2234 2192 2290 abesset
2224 2236 2398 2292 acies

293 2319 359 2374 11
415 2323 739 2388 montibus,
770 2339 924 2393 quos
953 2328 1386 2394 occupaverant
1411 2323 1676 2379 barbari.
1708 2323 1783 2378 At
1802 2324 1912 2391 illi,
1934 2339 2126 2394 neque
2148 2324 2400 2381 obstare

415 2408 793 2464 venientibus
821 2425 930 2464 nec
959 2410 1270 2464 circumire
1300 2413 1763 2481 praetergressos
1795 2410 1947 2474 ausi,
1979 2409 2355 2466 funditorum
2373 2412 2400 2433 '¹‘

415 2497 669 2552 maxime
698 2501 934 2567 aspectu
980 2497 1174 2552 territi
1221 2498 1638 2569 profugerant;
1687 2514 1873 2570 eaque
1915 2514 2017 2554 res
2045 2499 2400 2557 Alexandro

416 2586 605 2639 tutum
651 2587 909 2654 agminis
947 2586 1124 2652 latuS,
1158 2587 1318 2657 quod
1346 2601 1421 2641 ne
1451 2601 1709 2656 superne
1754 2587 2157 2642 incesseretur
2185 2589 2408 2653 timue-
2489 2620 2490 2623 ¹

293 2671 364 2728 12
415 2676 531 2743 rat,
561 2674 859 2744 praestitit.
891 2675 1035 2746 (xxx
1064 2677 1121 2731 et
1149 2675 1266 2730 duo
1315 2677 1678 2730 armatorum
1708 2675 1944 2731 ordines
1975 2675 2161 2744 ibant,
2196 2693 2404 2750 neque

418 2761 579 2817 enim
608 2760 789 2816 latius
826 2763 1067 2819 extendi
1096 2764 1287 2819 aciem
1326 2763 1706 2833 patiebantur
1733 2765 2058 2836 angustiae.
2096 2764 2410 2822 Paulatim

417 2849 631 2905 deinde
659 2848 863 2906 laxare
904 2852 1077 2907 sese‘
1113 2853 1284 2909 sinus
1314 2852 1602 2907 montium
1640 2854 1698 2906 et
1724 2852 1920 2923 masus
1949 2853 2211 2923 spatium
2240 2870 2402 2927 ape-

416 2939 539 2993 rire
582 2941 903 3007 coeperant,
941 2939 1024 2994 ita
1058 2943 1124 2995 ut
1168 2955 1296 2994 nen
1341 2940 1552 3010 pedes⁷
1584 2939 1777 2995 solum
1819 2939 2057 2996 ordine‘
2086 2940 2408 3014 incedere,
2487 2930 2488 2955 ³

417 3026 527 3082 sed
555 3027 730 3080 etiam
757 3027 1044 3083 lateribus
1073 3027 1463 3083 circumfundi
1488 3029 1695 3099 posset
1724 3027 2074 3100 equitatus)

468 3276 516 3316 ο.
553 3271 806 3318 Ceterarum
820 3273 1032 3329 nentium,
1054 3273 1402 3319 sous-entendn
1430 3272 1626 3329 equites.

467 3339 515 3380 5.
549 3338 636 3377 Les
655 3335 843 3390 Auriana
871 3336 1044 3380 etaient
1073 3348 1166 3381 une
1198 3335 1428 3391 peuplade
1465 3335 1645 3387 thrace,
1673 3334 1754 3392 qui
1791 3334 1990 3380 habitat
2013 3335 2134 3380 dans
2168 3338 2218 3381 la
2240 3337 2423 3386 velue
2485 3348 2486 3351 ’

413 3396 690 3451 aperiente
716 3399 777 3442 du
797 3402 1011 3451 Strymon
1041 3413 1053 3441 ε
1085 3397 1145 3442 ils
1167 3398 1389 3443 taisaicnt
1414 3397 1567 3453 partie
1594 3398 1655 3443 dc
1683 3397 1962 3443 nutantem
1991 3396 2169 3454 legere.

468 3463 517 3504 6.
550 3458 722 3503 Lauare
740 3472 837 3504 sese
860 3463 935 3506 est
958 3459 1197 3514 poetique.

467 3525 516 3564 ’1.
549 3521 791 3570 Ρειίεε.(;ῐ.
826 3534 908 3566 sur
937 3532 992 3564 ce
1011 3521 1253 3579 singulier,
1283 3525 1356 3578 111,
1380 3532 1412 3575 1,
1435 3524 1544 3568 note
1570 3526 1618 3569 3.
1653 3554 1662 3562 .

469 3585 519 3631 8.
555 3582 731 3640 Ordine,
759 3594 936 3628 comme
958 3583 1004 3626 in
1031 3582 1201 3627 ordine.
