2517 3975
610 231 999 273 msa-omarum
1036 233 1366 275 AnsxAnnm
1402 237 1525 287 vm,
1564 238 1624 274 11.
1996 218 2101 275 207

157 338 253 394 bili
273 339 455 396 totam
483 349 811 411 personans
841 343 1088 415 regiam.
1123 345 1377 400 Laniare
1406 345 1617 399 deinde
1647 357 1716 399 os
1734 345 1756 372 ⁴
1779 345 2098 417 unguibus;

159 432 208 483 et
239 430 686 485 circumstantes
722 446 940 503 rogare
984 449 1058 488 ne
1106 447 1174 487 se
1211 438 1374 489 tanto
1414 434 1684 489 dedecori
1723 435 2103 504 superstitem

157 533 277 574 esse
323 524 685 589 paterentur.
729 520 890 575 Inter
928 521 1035 576 has
1079 538 1291 592 preces
1335 526 1458 578 tota
1505 539 1626 577 nox
1674 525 1932 577 extracta
1974 528 2095 580 est.

155 604 625 679 Scrutantemque
648 625 790 663 num
816 610 905 664 ira
934 611 1178 665 deorum
1198 612 1515 666 adtentum
1541 611 1707 667 nefas
1731 613 1899 666 actus
1923 615 2101 683 esset,
2193 628 2206 646 ·

157 696 302 750 subit
346 698 817 753 anniversarium
874 699 1234 755 sacrificium
1281 702 1500 756 Libero
1551 700 1762 755 Patri*
1801 716 1918 756 non
1966 717 2105 757 esse

154 774 433 841 redditum
484 789 702 842 statuto
744 791 1053 859 tempore:
1098 790 1313 859 itaque,
1361 791 1517 845 inter
1547 791 1752 844 vinum
1799 793 1856 845 et
1898 791 2106 859 epulas

157 874 300 930 caede
329 876 672 941 commissa,
696 877 845 930 iram
873 877 967 931 dei
987 877 1172 932 fuisse
1201 878 1594 933 manifestam.
1612 879 1886 934 Ceterum
1915 879 2106 951 magis

157 978 213 1018 eo
261 963 633 1033 movebatur,
684 965 843 1035 quod
898 968 1158 1020 omnium
1212 968 1536 1021 amicorum
1592 968 1823 1022 animos
1869 968 2107 1022 videbat

157 1054 423 1107 attonitos
465 1068 479 1108 z
524 1053 817 1108 neminem
864 1070 997 1108 cum
1046 1055 1182 1124 ipso
1241 1057 1465 1111 sociare
1518 1069 1852 1112 sermonem
1900 1059 2107 1127 postea

157 1155 430 1195 ausurum
461 1159 474 1195 t
507 1141 828 1196 vivendum
866 1158 1002 1198 esse
1037 1144 1101 1197 in
1133 1144 1475 1210 solitudine,
1508 1145 1671 1200 velut
1704 1145 1845 1201 ferae
1877 1145 2105 1210 hestiae,

157 1232 394 1286 terrenti
429 1231 577 1285 alias
605 1232 973 1302 timentique.

218 1320 416 1373 Prima
442 1317 653 1374 deinde
682 1321 833 1387 luce,
857 1322 1228 1377 tabernaculo
1250 1335 1488 1392 coi-pue,
1514 1322 1666 1378 sicut
1684 1322 1872 1378 adhuc
1900 1337 2110 1378 cruca-¹·

158 1409 268 1460 tum
310 1411 457 1477 erat,
503 1406 685 1479 jussit
728 1408 962 1463 inferri.
1002 1407 1128 1473 Quo
1170 1409 1367 1480 posito
1412 1413 1549 1464 ante
1590 1410 1807 1480 ipsum,
1846 1409 2111 1465 lacrimis

159 1497 383 1551 obortis
413 1514 426 1550 z
465 1515 487 1546 α
524 1497 709 1566 Hanc,
742 1498 951 1568 inquit,
981 1500 1194 1553 nutrici
1219 1515 1375 1572 *meac
1414 1500 1662 1570 gratiam
1695 1498 1912 1567 rettuli,
1939 1499 2113 1570 cujus

160 1585 264 1641 duo
294 1586 402 1642 filii
437 1587 592 1657 apud
628 1588 886 1642 Miletum
928 1603 1033 1659 pro
1077 1603 1206 1643 mea
1248 1589 1443 1660 gloria
1472 1589 1801 1643 occubuere
1838 1589 2108 1655 mortem,

161 1673 247 1729 hic
294 1676 499 1740 frater,
536 1677 777 1730 unicum
825 1676 1097 1731 orbitatis
1146 1678 1454 1746 solacium,
1496 1693 1529 1731 a
1571 1692 1664 1731 me
1712 1678 1865 1731 inter
1910 1679 2114 1746 epulas

162 1764 386 1817 occisus
419 1764 531 1820 est.
565 1763 690 1829 Quo
721 1777 878 1819 nunc
915 1780 982 1820 se
1025 1764 1287 1820 conferet
1331 1766 1596 1821 misera?
1624 1765 1911 1820 Omnibus
1940 1763 2115 1836 ejus⁸

164 1866 311 1906 unus
341 1867 678 1922 supersum,
708 1869 883 1923 quem
914 1853 1107 1908 solum
1145 1855 1335 1925 aequis
1376 1855 1564 1909 oculis
1584 1854 1604 1881 ⁶
1631 1854 1827 1909 videre
1855 1867 1973 1908 non
2001 1870 2113 1924 po-

163 1941 310 2003 terit.
333 1940 404 1995 Et
424 1953 558 2014 ege,
582 1944 951 1997 servatorum
982 1955 1244 1998 meorum
1273 1941 1441 2011 latro,
1465 1946 1735 1998 revertar
1753 1942 1816 1997 in
1846 1943 2109 2012 patriam,

163 2033 330 2085 utne
365 2031 668 2084 dexteram
716 2031 948 2099 quidem
994 2032 1211 2084 nutrici
1253 2032 1384 2086 sine
1436 2032 1721 2085 memoria
1767 2030 2114 2085 calamitatis

164 2119 290 2190 ejus
327 2119 550 2174 offerre
587 2118 841 2189 possim!
880 2140 903 2169 n
948 2116 1038 2189 Et,
1078 2133 1210 2174 cum
1255 2120 1395 2174 finis
1442 2121 1702 2174 lacrimis
1740 2120 2114 2191 querelisque

163 2223 279 2262 non
305 2206 689 2278 fleret‚jussu
712 2208 1030 2262 amicorum
1056 2219 1275 2276 corpus
1301 2208 1558 2261 ablatum
1577 2212 1687 2262 est.
1715 2210 1841 2264 Rex
1860 2208 2115 2262 triduum

160 2295 656 2367 jacuit-inclusus,
688 2296 874 2361 Quem
912 2300 976 2350 ut
1015 2295 1338 2367 armigeri*
1367 2296 1759 2366 corporisque
1796 2292 2116 2352 custodes*

164 2386 232 2439 ad
276 2386 643 2440 moriendum
691 2386 1050 2441 obstinatum
1098 2401 1232 2439 esse
1281 2387 1708 2458 cognoverunt,
1741 2387 2010 2441 universi
2055 2385 2122 2442 in·

161 2475 602 2530 tabernaculum
648 2476 999 2545 irrumpunt,
1046 2474 1259 2545 diuque
1306 2474 1577 2554 precibus
1630 2476 1893 2545 ipsorum
1921 2475 2117 2531 relue-

164 2565 340 2618 tatum
385 2580 548 2636 aegre
590 2565 895 2633 vicerunt,
935 2567 999 2618 ut
1046 2563 1240 2617 cibum
1288 2566 1545 2633 caperet.
1589 2563 1829 2634 Quoque
1875 2565 2073 2619 minus
2099 2564 2118 2592 '¹

167 2653 340 2708 caedis
373 2653 640 2723 puderet,
673 2652 810 2724 jure
852 2651 1226 2707 interfectum
1264 2650 1478 2707 Clitum
1525 2651 1873 2707 Macedones
1909 2653 2119 2710 decer-

166 2745 308 2795 nunt
323 2742 361 2809 ⁸,
399 2742 702 2811 sepultura
752 2752 983 2811 quoque
1029 2740 1420 2809 prohibituri,
1465 2739 1527 2793 ni
1569 2750 1679 2795 rex
1720 2738 1951 2795 humari
1981 2742 2119 2814 jusa-

168 2828 360 2886 sisset.

233 2916 416 2989 Igitur
442 2937 483 2974 Χ
512 2918 725 2973 diebus
762 2919 1014 2973 maxime
1046 2917 1119 2971 ad
1147 2916 1614 2973 confirmandum
1652 2917 1937 2988 pudorem
1967 2920 2122 2993 apud

220 3127 266 3197 ᾇ.
296 3126 478 3174 Laniare
496 3142 566 3175 οε.
602 3132 722 3203 C'est
749 3130 936 3186 l’usage.
971 3130 1194 3185 &aquibus
1221 3138 1300 3173 ora
1325 3141 1452 3174 soror
1474 3130 1639 3185 findam
1665 3135 1711 3177 et
1732 3132 1915 3187 pectora
1962 3133 2123 3189 paonis

170 3189 732 3309 (vgsgbssz'iffivejffl÷)⁵a
757 3225 864 3300 tous
884 3257 954 3301 les
988 3252 1134 3310 siem,
1165 3255 1192 3299 a
1211 3258 1318 3300 tous
1347 3265 1423 3299 ses
1444 3261 1653 3311 parents,
1681 3248 1919 3313 L’adjectif
1932 3263 2005 3302 est
2021 3266 2123 3302 em-

172 3313 300 3367 ploye
323 3318 763 3363 substantivement.

201 3376 274 3481 16.
301 3376 458 3447 Ἀῑᾳιιίε
483 3376 642 3429 oculis,
680 3392 797 3435 pour
819 3388 939 3437 atqua
966 3384 1124 3432 mente,
1164 3378 1283 3424 n’est
1320 3384 1406 3435 pas
1442 3386 1533 3426 une
1562 3378 1766 3427 locution
1808 3380 1867 3426 de
1911 3370 2122 3435 l⁶epoque

174 3449 201 3481 c
222 3449 419 3494 assiqua.

230 3504 277 3542 ’1.
309 3502 473 3559 Quoque
497 3505 664 3550 minue.
690 3505 920 3549 Entendcz
947 3504 991 3549 et
1020 3514 1100 3560 quo
1119 3505 1284 3551 minus.

234 3564 283 3605 8·
311 3563 568 3613 Decernunt.
601 3568 790 3629 Cr.,sur
819 3572 941 3613 cette
967 3570 1238 3633 puissan003
1258 3564 1328 3624 Vl,
1358 3562 1457 3621 vill,
1475 3559 1559 3623 233
1581 3564 1691 3623 vm,
1713 3566 1839 3621 1318·

2169 2118 2239 2182 lo

2169 2216 2233 2271 11

2171 2560 2241 2625 12

2175 2926 2245 2983 13
