2517 3975
448 225 554 282 362
1212 248 1270 291 Q.
1313 248 1480 285 cmm
1518 249 1592 285 Ru
1600 249 1654 284 ιη

444 351 587 406 illos
632 351 1027 407 acclamantes
1069 353 1246 408 video
1293 355 1396 423 qui
1448 353 1666 408 abituri
1711 355 1870 422 sunt,
1900 368 2075 422 quam
2118 351 2224 406 hos
2259 365 2353 403 cum

319 439 390 497 17
444 439 661 510 quibus
684 441 1033 509 praemissos
1061 443 1351 513 subsequi.
1374 444 1576 497 statui.
1599 440 1749 505 Quid
1777 441 1890 495 hoc
1917 444 2007 495 est
2034 440 2159 494 rei‘?
2184 439 2360 508 dispari

257 705 266 710 “
315 706 386 762 18

315 796 385 853 19

310 1170 383 1225 20

308 1525 375 1580 21

308 1882 377 1937 22

304 2243 375 2297 23

441 529 503 581 in
537 543 715 583 causa
761 530 919 584 idem
960 531 1217 586 omnium
1256 532 1476 585 clamor
1513 531 1632 586 est!
1676 531 1969 585 Pervelim
2015 530 2167 585 scire
2207 530 2357 582 utrum

442 616 544 687 qui
573 618 910 688 discedunt,
940 635 1013 675 an
1045 622 1147 692 qui
1173 622 1506 676 retinentur
1530 620 1603 674 de
1631 636 1725 674 me
1753 623 2094 691 querantur.
2119 643 2142 667 υ

512 707 799 764 Crederes
828 726 945 765 uno
977 726 1079 766 ore
1110 725 1321 765 omnes
1348 710 1666 764 sustulisse
1696 710 2053 764 clamorem:
2084 710 2160 762 ita
2185 706 2359 779 pariter

441 811 514 850 ex
542 800 666 852 tota
696 801 973 855 contione
1005 813 1361 869 responsum
1391 802 1480 853 est
1509 817 1522 852 ε
1549 819 1572 846 α
1598 809 1804 852 omnes
1834 798 2002 868 queri
2029 819 2077 851 n.
2100 796 2236 850 Tum
2256 793 2357 846 ille:

446 907 468 934 «
501 886 657 954 Non,
705 887 972 957 hercule,
1022 889 1228 959 inquit,
1278 891 1475 957 potest
1509 886 1658 953 fieri,
1691 888 1756 941 ut
1786 887 2047 941 adducar
2064 886 2104 913 ’⁰
2131 881 2363 956 querendi

440 976 617 1031 simul
648 977 926 1031 omnibus
955 976 1107 1033 hanc
1135 991 1374 1032 causam
1417 992 1576 1044 esse,
1618 991 1797 1047 quam
1845 975 2176 1044 ostenditis,
2203 974 2254 1027 in
2280 984 2365 1038 qua

437 1064 630 1136 major
656 1081 798 1134 pars
838 1067 1139 1120 exercitus
1171 1081 1292 1122 non
1323 1073 1433 1131 est,
1465 1068 1667 1134 utpote
1696 1080 1830 1119 cum
1858 1065 2063 1135 plures
2092 1058 2365 1117 dimiserim

438 1167 611 1222 quam
640 1156 982 1210 retenturus
1012 1171 1167 1210 sum.
1199 1154 1424 1211 Subest
1451 1154 1732 1208 nimirum
1761 1154 1942 1208 altius
1967 1154 2203 1220 malum,
2249 1145 2365 1219 quod
2442 1147 2443 1158 ¹

436 1256 643 1297 omnes
672 1242 881 1298 avertit
912 1260 945 1298 a
982 1260 1096 1301 me.
1122 1244 1366 1310 Quando
1394 1244 1553 1298 enim
1573 1259 1775 1315 regem
1794 1242 2124 1298 universus
2153 1235 2365 1295 deseruit

436 1330 777 1386 exercitus?
805 1332 893 1388 Ne
922 1333 1087 1389 servi
1117 1332 1354 1404 quidem
1384 1348 1501 1388 uno
1531 1346 1720 1403 grege
1758 1330 2173 1402 profugiuntw
2215 1325 2362 1384 domi-

434 1434 566 1488 nos,
599 1420 705 1474 sed
735 1423 825 1475 est
855 1422 1094 1493 quidam
1122 1422 1186 1475 in
1210 1422 1334 1476 illis
1361 1422 1551 1491 pudor
1579 1437 1614 1474 a
1644 1421 1862 1475 ceteris
1890 1420 2205 1476 destitutos
2229 1416 2363 1472 relin-

433 1508 669 1580 quendi.
702 1510 921 1565 Verum
964 1527 1105 1582 ego,
1154 1514 1275 1565 tam
1321 1510 1565 1565 furiosae
1613 1511 2124 1566 consternationis
2167 1508 2358 1568 oblitus¹

433 1597 697 1652 remedia
716 1597 1155 1653 insanabilibus
1176 1614 1362 1653 conor
1380 1598 1681 1653 adhibere.
1697 1597 1944 1652 Omnem
1961 1598 2198 1654 hercule
2215 1607 2358 1665 spem,

434 1702 610 1757 quam
636 1702 711 1741 ex
738 1687 915 1741 vobis
944 1703 1353 1757 conceperam,
1387 1687 1639 1755 damno;
1688 1701 1795 1742 nec
1833 1691 1897 1742 ut
1938 1704 2077 1743 eum
2122 1684 2360 1741 militibus

433 1774 582 1829 meis
609 1805 681 1815 ——-
704 1774 829 1847 jam
863 1776 1021 1829 enim
1050 1792 1187 1831 esse
1215 1776 1467 1832 desistis
1490 1806 1554 1817 --
1576 1776 1681 1831 sed
1709 1779 1773 1830 ut
1801 1792 1937 1831 cum
1967 1771 2356 1849 ingratissimis

434 1865 634 1933 operis
654 1865 690 1891 ³¹
733 1880 911 1935 agere
960 1866 1213 1922 decrevi.
1245 1866 1536 1921 Secundis
1582 1867 1784 1934 rebus,
1821 1881 1953 1937 quae
1999 1861 2358 1922 circumfluunt

432 1969 566 2022 vos,
607 1954 874 2009 insanire
916 1955 1212 2026 coepistis,
1265 1956 1435 2012 obliti
1477 1958 1669 2011 status
1716 1954 1852 2028 ejus
1898 1971 2080 2027 quem
2124 1950 2358 2012 beneficio

432 2044 686 2099 exuistis
718 2059 882 2115 meo)
914 2044 1102 2116 digni,
1143 2044 1409 2110 hercule,
1442 2046 1544 2116 qui
1589 2045 1649 2099 in
1681 2046 1889 2101 eodem
1933 2038 2354 2104 consenescam,

432 2133 711 2204 quoniam
739 2134 977 2189 facilius
1006 2138 1096 2189 est
1122 2136 1299 2190 vobis
1321 2135 1633 2189 adversam
1652 2150 1829 2205 quam
1850 2137 2174 2190 secundam
2192 2141 2358 2202 regere

431 2222 746 2277 fortunam.
779 2223 871 2276 En
908 2223 1169 2289 tandem,
1200 2222 1541 2294 Illyriorum
1583 2224 1761 2293 paulo
1805 2226 1939 2277 ante
1991 2228 2050 2278 et
2089 2222 2357 2277 Persarum

429 2311 759 2366 tributariis
787 2312 927 2367 Asia
955 2315 1012 2367 et
1038 2314 1122 2371 tot
1151 2312 1414 2384 gentium
1435 2312 1628 2382 spolia
1655 2311 1891 2366 fastidio
1914 2316 2076 2367 sunt.
2100 2310 2255 2366 Modo
2272 2302 2355 2361 sub

431 2399 702 2471 Philippo
748 2402 1080 2456 seminudis
1127 2402 1379 2457 amicula
1421 2417 1497 2457 ex
1542 2392 1807 2472 purpura
1845 2402 2094 2457 sordent
2107 2401 2165 2468 ³²,
2190 2406 2353 2453 aurum

430 2493 489 2546 et
516 2494 831 2562 argentum
862 2490 1019 2546 oculi
1048 2490 1207 2546 ferre
1241 2507 1359 2545 uon
1387 2494 1668 2562 possunt:
1700 2491 1896 2563 lignea
1940 2495 2104 2546 enim
2137 2500 2265 2543 vasa
2286 2481 2358 2537 de·
2442 2538 2443 2545 χ

429 2579 707 2652 siderant,
727 2581 785 2636 et
812 2597 886 2635 ex
917 2581 1210 2636 cratibus*
1229 2581 1430 2637 scuta*
1458 2581 1913 2653 rubiginemque
1941 2572 2351 2652 gladiorumw·

429 2849 640 2883 ramcner
664 2839 722 2883 de
752 2838 799 2882 la
833 2839 1054 2893 province
1092 2839 1208 2883 dans
1253 2843 1301 2884 la
1343 2832 1470 2883 mere
1511 2840 1674 2894 patrie.
1705 2839 1876 2884 Bellum
1904 2841 1954 2884 in
1981 2838 2134 2894 Amen
2158 2833 2350 2880 mmmm

428 2901 629 2972 confecit,
658 2900 870 2972 victorem
896 2903 1139 2972 exercitum
1168 2901 1434 2958 deportavit.
1468 2903 1504 2946 11
1540 2913 1729 2946 tamena
1767 2912 1851 2947 son
1898 2903 2055 2946 armee
2098 2899 2349 2946 victoriouso.

425 2962 1105 3079 (Css'‚⁴ffss';⁸ggg¹.¹,²)gst.ffiiffl
1132 3028 1270 3073 ducar
1288 3029 1347 3072 ad
1374 3027 1437 3080 id,
1462 3027 1598 3072 ducar
1623 3028 1681 3072 ad
1708 3027 1816 3073 Itane
1853 3027 2116 3084 opinionem.
2139 3026 2201 3070 De
2230 3019 2348 3088 111θῇῊο

426 3083 670 3200 ῗὲξξιτοῗυθ
688 3088 1041 3207 ἶεεζαηιῃυίὲΐαν
1068 3090 1246 3146 adduci,
1271 3089 1382 3135 Ιιαησ
1406 3101 1569 3146 quoque
1596 3100 1690 3146 quae
1712 3095 1754 3135 te
1776 3091 2047 3147 procreavit,
2075 3094 2169 3134 esee
2186 3082 2340 3142 paim!

476 3178 560 3254 30:
585 3183 843 3265 Prossaere,
865 3183 1006 3268 actis,
1022 3226 1080 3259 ne
1107 3222 1161 3259 se
1190 3220 1357 3259 trouve
1385 3226 1477 3270 que
1499 3214 1598 3259 tres
1624 3221 1862 3261 rarement
1879 3218 2022 3261 avant
2046 3214 2248 3269 Auguste.
2317 3262 2323 3269 ι

476 3273 546 3313 31.
578 3272 748 3323 operis,
780 3274 863 3317 des
893 3278 1226 3330 mercenaires,
1254 3278 1338 3322 des
1381 3278 1590 3323 hommes
1625 3278 1682 3321 de
1705 3278 1863 3333 peine.
1909 3279 2017 3322 Era!
2040 3274 2145 3322 mihi
2165 3266 2337 3316 conicum

424 3341 508 3373 non
536 3343 633 3374 cum
654 3331 819 3376 victore
844 3340 1064 3391 exercitu,
1089 3341 1170 3384 sed
1196 3352 1294 3384 cum
1318 3340 1464 3396 operis
1490 3340 1714 3386 subductis
1743 3344 1789 3386 et
1829 3340 1886 3386 ad
1918 3337 2203 3398 diripiendam
2226 3328 2321 3375 urm

423 3392 675 3435 concitatis.
706 3392 843 3445 (Cic.,
872 3397 958 3442 Pro
978 3400 1112 3453 sest„
1140 3403 1232 3457 17).

475 3456 549 3496 32.
584 3452 791 3499 Sordent.
818 3456 884 3497 Cr.
906 3461 1128 3517 sordidae,
1158 3466 1228 3516 lx,
1259 3474 1325 3518 vi,
1348 3470 1456 3510 note
1484 3468 1549 3510 13⁶

420 3511 842 3625 Illff3ivflzss{ginfaffc
869 3518 1126 3577 maiorum,
1159 3524 1207 3568 ie
1245 3526 1505 3572 suestanus
1529 3528 1723 3573 abstrait
1743 3526 2022 3586 templaqant
2049 3519 2258 3581 lumentis.
2284 3510 2339 3558 ct.
