2517 3975
292 531 354 587 11

285 1421 354 1476 13

280 1958 349 2013 14

280 2137 347 2191 15

278 2405 346 2458 16

416 229 523 284 160
1177 248 1230 292 Q.
1273 247 1445 285 cua-rr
1485 248 1621 286 num

415 357 627 409 tratam
654 355 813 408 viam
842 354 1193 427 ingreditur,
1227 355 1519 427 phalange
1536 356 1577 423 *,
1612 358 1891 427 quantum
1918 354 2193 411 festinare
2215 371 2341 424 pos-

416 447 531 511 set,
560 445 731 515 sequi
744 444 941 514 jussa.
966 444 1121 514 Ipse,
1144 445 1429 514 quadrato
1452 446 1688 515 agmine
1707 444 2011 512 incedens,
2035 445 2115 498 ita
2133 459 2346 499 cursum

416 532 672 603 regebat,
705 536 768 586 ut
791 532 965 603 primi
996 533 1279 605 conjungi
1306 534 1533 588 ultimis
1566 535 1828 603 possent.
1852 549 1958 588 ccc
1979 534 2197 588 stadia*
2223 548 2346 602 pro-

413 624 736 685 cesserant,
787 637 919 675 cum
963 623 1221 676 occurrit
1267 622 1699 690 Brochubelus,
1734 622 1936 677 Mazaei
1977 622 2152 688 filius,
2182 621 2346 693 Syriae

412 710 706 780 quondam
724 710 997 780 praetor⁸.
1021 709 1081 764 Is
1109 726 1344 782 quoque
1364 711 1677 781 transfuga
1696 712 2002 765 nuntiabat
2026 730 2038 765 ε
2069 733 2092 760 «
2118 712 2349 766 Bessum

412 798 564 853 haud
591 800 846 870 amplius
875 815 1049 870 quam
1071 817 1139 854 cc
1159 800 1346 854 stadia
1365 800 1383 820 *
1405 802 1638 856 abesse.
1666 801 2026 870 Exercitum,
2052 803 2245 871 utpote
2259 800 2350 871 qui

411 888 561 941 nihil
588 892 966 957 praecaveret,
988 890 1449 958 incompositum
1478 889 1993 961 inordinatumque
2028 890 2347 960 procedere.

412 977 767 1046 Hyrcaniam
803 976 1034 1031 videri⁹
1073 978 1394 1047 petiturOS.
1430 976 1492 1031 Si
1531 978 1840 1033 festinaret
1879 978 2049 1049 sequi
2076 978 2349 1048 palatinae,

410 1068 926 1134 superventurum.
962 1065 1204 1119 Darium
1245 1066 1435 1121 adhuc
1478 1068 1751 1122 vivere.»
1805 1066 2061 1121 Strenuo
2109 1066 2353 1136 alioquin

410 1154 786 1222 cupiditatem
815 1155 1215 1225 consequendi
1242 1154 1556 1226 transfuga
1584 1155 1897 1226 injecerat.
1945 1156 2150 1226 Itaque
2180 1153 2353 1210 calca-

407 1241 578 1295 ribus
637 1242 912 1310 subditis,
945 1241 1133 1298 effuso
1182 1259 1366 1298 cursu
1406 1247 1570 1297 eunt.
1626 1243 1870 1314 Jamque
1916 1243 2193 1297 fremitus
2232 1244 2355 1297 hos-

409 1328 551 1383 tium
596 1330 710 1384 iter
754 1331 1212 1403 ingredientium
1236 1332 1278 1358 ¹⁰
1334 1331 1779 1402 exaudiebatur,
1837 1333 1942 1387 sed
1992 1334 2356 1403 prospectum

407 1419 705 1474 ademerat
733 1420 1003 1490 pulveris
1031 1411 1242 1475 nubes.
1290 1421 1604 1491 Paulisper
1635 1437 1779 1494 ergo
1810 1422 2070 1476 inhibuit
2105 1435 2353 1484 cursum,

408 1508 594 1563 donec
622 1509 957 1565 consideret
983 1509 1203 1579 pulvis,

474 1596 725 1666 Jamque
766 1599 1070 1668 conspecti
1101 1616 1134 1652 a
1164 1599 1438 1653 barbaris
1478 1601 1644 1653 erant
1677 1601 1734 1654 et
1771 1599 2115 1654 abeuntium
2158 1614 2357 1672 agmen

407 1687 861 1754 conspexerant,
913 1701 1285 1756 nequaquam
1328 1685 1513 1739 futuri
1555 1702 1754 1756 pareS,
1804 1687 1860 1741 si
1910 1687 2096 1741 Besso
2147 1690 2359 1741 tantum

406 1773 583 1825 animi
613 1771 827 1828 fuisset
865 1773 938 1828 ad
974 1775 1271 1845 proelium,
1313 1777 1597 1846 quantum
1635 1777 1706 1829 ad
1742 1776 2128 1845 parricidium
2159 1775 2356 1830 fuerat.

405 1860 671 1930 Namque
714 1868 771 1915 et
807 1877 1052 1917 numero
1093 1864 1331 1920 barbari
1372 1864 1736 1934 praestabant
1771 1867 1828 1918 et
1854 1864 2076 1919 robore
2112 1883 2126 1918 ε
2159 1865 2231 1919 ad
2256 1864 2360 1917 hoc
2459 1896 2468 1925 ,ᾖ

403 1949 609 2006 refecti
648 1965 779 2005 cum
825 1951 1089 2023 fatigatis
1129 1955 1426 2008 certamen
1465 1953 1668 2009 inituri
1706 1957 1875 2009 erant
1894 1955 1955 2011 ¹¹.
1991 1953 2107 2010 Sed
2151 1968 2359 2009 nomen

403 2040 724 2095 Alexandri
755 2044 811 2095 et
848 2040 1022 2109 fama,
1053 2043 1373 2097 maximum
1403 2044 1465 2097 in
1494 2044 1649 2098 bello
1685 2044 1886 2114 utique
1914 2047 2274 2099 momentum
2301 2042 2357 2109 ¹²,

401 2128 649 2200 pavidos
687 2128 750 2182 in
795 2128 994 2201 fugam
1043 2132 1274 2186 avertit.
1316 2126 1562 2186 Bessus
1586 2147 1726 2186 vero
1767 2135 1824 2187 et
1854 2132 2041 2187 'ceteri
2087 2131 2361 2187 facinoris

403 2218 538 2288 ejus
580 2218 922 2288 participes,
965 2219 1302 2274 vehiculum
1352 2220 1515 2274 Darii
1560 2222 1840 2292 assecuti,
1884 2225 2190 2292 coeperunt
2231 2222 2362 2275 hor·

401 2307 573 2361 tari¹³
602 2323 736 2361 eum
785 2309 1211 2363 conscenderet
1258 2325 1475 2379 equum
1513 2314 1570 2364 et
1610 2326 1675 2365 se
1714 2310 1875 2366 hosti
1913 2310 2052 2383 fuga
2091 2312 2357 2381 eriperet.

403 2397 505 2450 Ille
551 2396 696 2451 deos
743 2398 968 2452 ultores
1007 2397 1221 2453 adesse
1271 2400 1537 2467 testatur,
1577 2403 1653 2466 et,
1687 2399 2010 2454 Alexandri
2044 2399 2219 2455 fidem
2261 2401 2360 2453 im-

400 2486 664 2555 plorans,
705 2490 886 2558 negat
926 2502 992 2541 se
1029 2488 1361 2557 parricidas
1402 2488 1554 2543 velle
1594 2491 1888 2546 comitari.
1918 2491 2064 2544 Tum
2094 2507 2238 2546 vero
2285 2492 2364 2548 ira

402 2588 632 2645 quoque
670 2578 926 2644 accensi,
968 2578 1079 2630 tela
1104 2576 1124 2597 *
1152 2574 1480 2647 conjiciunt
1516 2578 1578 2631 in
1606 2594 1837 2651 regem,
1868 2580 2192 2651 multisque
2231 2598 2361 2636 con-

396 2756 538 2800 isdem
565 2769 624 2801 ou
652 2759 816 2803 eisdem
851 2771 910 2803 en
945 2762 1066 2803 deux
1116 2759 1356 2814 syllable&
1401 2767 1633 2805 rarement
1681 2762 1844 2806 eisdem
1876 2774 1936 2807 en
1983 2764 2098 2808 trois
2140 2766 2362 2820 syllables

400 2819 653 2873 (Bucheler,
677 2822 797 2864 trad.
831 2822 986 2872 flavet,
1004 2833 1050 2875 p.
1067 2824 1189 2876 208).

449 2885 496 2924 8.
530 2881 720 2934 Praetor,
742 2884 1036 2928 c'est-a-dire
1063 2888 1268 2939 satrapa.

448 2946 495 2988 9.
540 2943 697 2994 Videri,
715 2945 883 3000 ellipse
905 2946 964 2990 du
988 2946 1114 3000 sujet
1133 2957 1230 2991 eos.

450 3008 521 3050 10.
558 3005 654 3049 Iter
680 3007 1036 3061 inoredz'entium.
1079 3012 1139 3052 Le
1164 3019 1276 3053 sens
1306 3009 1363 3051 de
1393 3010 1438 3053 la
1478 3010 1763 3065 proposition
1800 3011 1850 3055 in
1880 3024 1907 3056 a
1945 3013 2153 3070 disparu.
2188 3015 2363 3070 lauredi

397 3079 576 3112 comme
592 3070 735 3121 aradi,
766 3073 994 3114 marcher.

450 3135 521 3173 11.
556 3130 723 3174 Initurz'
744 3137 893 3175 erant.
924 3132 998 3177 cf.
1030 3137 1104 3187 111,
1125 3146 1186 3188 iv,
1208 3138 1317 3177 note
1340 3139 1389 3178 6.

449 3195 522 3236 12.
557 3193 815 3236 Momentum
835 3195 973 3248 (pour
1001 3196 1332 3252 movimentum)
1354 3197 1413 3239 de
1436 3193 1594 3250 moveo,
1622 3210 1675 3242 ce
1704 3200 1781 3253 qui
1810 3200 1895 3245 fait
1918 3202 2125 3257 panchat
2147 3203 2246 3247 l’un
2278 3205 2360 3249 des

394 3254 517 3298 deux
544 3257 759 3307 plateaux
787 3257 844 3298 de
891 3258 935 3298 la
973 3258 1164 3301 balance
1197 3265 1480 3313 auparavant
1522 3272 1579 3302 en
1625 3261 1870 3317 equilibre,
1894 3264 2016 3309 force
2048 3266 2358 3322 d'impulsion,

395 3317 541 3372 poids,
560 3322 605 3360 et
635 3329 716 3370 par
743 3319 862 3362 suite
880 3330 942 3361 au
961 3320 1120 3374 figure,
1141 3321 1462 3365 cii-constance
1480 3322 1773 3376 importante.

447 3381 519 3423 13.
552 3379 738 3421 Hortari
766 3390 816 3421 se
846 3379 1070 3423 construit
1111 3394 1223 3426 avec
1249 3387 1297 3426 ut
1321 3394 1380 3426 ou
1400 3385 1443 3427 le
1480 3386 1644 3439 simple
1681 3386 1949 3441 subJ’onctif.
1971 3389 2214 3434 LaIn‘enum
2246 3392 2356 3435 Tre-

394 3441 647 3495 boniumque
674 3441 888 3496 hortatur,
911 3441 957 3483 si
984 3442 1238 3497 reipublicae
1266 3445 1480 3488 commodo
1497 3448 1645 3500 facere
1668 3450 1858 3504 pasus-inc,
1879 3451 1935 3494 ad
1956 3463 2051 3494 eam
2066 3453 2186 3496 diem
2211 3465 2359 3497 rever-

395 3504 725 3618 zssnttcgficaez?
744 3504 870 3617 ἐξα.
897 3503 1039 3558 Gall„
1066 3508 1134 3557 vl,
1144 3506 1236 3560 33).
1261 3506 1374 3558 Quid
1401 3519 1480 3561 eqo
1509 3520 1598 3564 vos,
1619 3510 1674 3553 de
1694 3517 1838 3556 vestro
1861 3514 2144 3568 impendatis,
2168 3516 2360 3560 lior-tor?

455 3597 468 3609 .
542 3576 628 3614 w..
705 3596 721 3618 ‚
823 3594 834 3608 .
