2517 3975
280 1148 352 1205 10

278 1415 345 1470 11

282 1592 349 1648 12

280 1859 350 1913 13

277 2215 348 2272 14

277 2660 347 2715 15

279 3013 345 3071 16

412 228 517 282 272
1171 241 1221 285 Q.
1267 238 1436 277 court
1473 237 1611 275 nuri
1640 291 1650 301 .

411 364 836 420 quamcumque
880 348 957 403 iis
1002 346 1248 401 fortuna
1290 345 1533 400 fecisset
1568 360 1580 398 :
1616 346 1734 401 sibi
1785 346 2033 400 mortem
2074 344 2335 399 deditione

411 453 548 493 esse
574 437 885 492 leviorem.
924 435 998 489 At
1045 434 1147 489 illa
1192 431 1455 505 purgare
1502 449 1588 504 se,
1638 434 1815 505 quod,
1854 450 1984 506 quae
2029 433 2184 488 utilia
2222 445 2339 487 esse

409 524 688 580 censebat
701 524 742 591 ⁶,
774 523 1141 580 muliebriter
1186 522 1465 587 forsitan,
1496 522 1602 576 sed
1631 522 1750 577 fida
1774 526 1969 578 tamen
2009 526 2194 577 mente
2217 536 2336 575 sua-

409 615 628 669 sisset:
676 613 748 668 de
796 612 1026 668 cetero⁷
1066 610 1329 666 futuram
1369 612 1431 664 in
1471 612 1587 664 viri
1626 614 1939 682 potestate.
1974 611 2335 682 SpitameneS,

409 701 688 756 simulato
709 704 915 772 captus
941 699 1250 769 obsequio,
1276 699 1349 754 de
1370 699 1464 754 die
1486 700 1827 754 convivium
1843 700 1866 721 *
1884 699 2154 770 apparari
2171 698 2335 770 jubet,

407 790 663 861 vinoque
691 791 749 844 et
778 788 970 860 epulis
1001 788 1206 860 gravis
1234 786 1332 861 [et]
1362 787 1760 843 semisomnus
1798 788 1860 841 in
1889 788 2220 843 cubiculum
2245 786 2337 841 fen

407 879 522 932 tur.
555 876 738 941 Quem
766 879 830 931 ut
851 876 968 930 alto
997 880 1053 930 et
1075 874 1248 947 gravi
1278 892 1488 931 somno
1518 876 1776 945 sopitum
1806 891 1946 930 esse
1974 875 2164 931 sensit
2195 890 2336 941 uxor,

404 965 672 1037 gladium
693 965 734 1033 *,
767 979 941 1034 quem
968 967 1131 1019 veste
1171 965 1586 1034 occultaverat,
1618 966 1877 1037 stringit,
1909 968 2197 1036 caputque
2229 963 2338 1035 ejus

405 1054 728 1120 abscisum,
760 1068 974 1108 cruore
1003 1068 1301 1123 respersa,
1336 1069 1509 1108 servo
1531 1069 1642 1108 suo
1674 1055 1911 1109 conscio
1939 1052 2221 1109 facinoris
2241 1055 2340 1107 tra-

406 1142 511 1197 dit.
544 1140 764 1195 Eodem
804 1143 1134 1208 comitante,
1168 1142 1345 1196 sicuti
1393 1146 1518 1196 erat
1564 1147 1807 1198 cruenta
1852 1144 2044 1213 veste,
2076 1143 2141 1196 in
2176 1142 2341 1196 Mace-

403 1231 622 1285 donum
654 1234 851 1285 castra
870 1232 892 1251 *
929 1231 1222 1303 pervenit,
1256 1232 1634 1302 nuntiarique
1665 1232 2002 1287 Alexandro
2040 1230 2208 1304 jubet
2232 1246 2339 1285 esse

405 1333 538 1388 quae
567 1332 642 1372 ex
666 1318 805 1388 ipsa
834 1317 1072 1374 deberet
1098 1334 1449 1389 agnoscere.

476 1405 578 1461 Ille
615 1408 888 1476 protinus
932 1407 1247 1461 barbaram
1284 1406 1470 1479 jussit
1516 1409 1764 1463 admitti.
1814 1409 2000 1475 Quam
2038 1410 2105 1463 ut
2133 1422 2341 1479 resper-

406 1513 526 1549 sam
562 1513 770 1549 immi-c
807 1496 1127 1565 c;··÷11isprxit,
1167 1498 1331 1550 ratus
1379 1496 1449 1550 ad
1495 1497 1915 1567 deplorandam
1951 1497 2342 1553 contumeliam

402 1585 666 1649 ‘t‘su’tiffl-ffl,
714 1585 911 1637 ilico-re
959 1601 1087 1653 qun}
1131 1583 1302 1638 vellet
1330 1584 1511 1654 jubet.
1563 1584 1637 1639 At
1679 1585 1781 1639 illa
1810 1600 2071 1652 servum,
2107 1583 2341 1656 quemin

406 1673 698 1725 vestibulo
750 1677 907 1725 stare
955 1673 1241 1741 jusserat,
1284 1673 1580 1728 introduci
1627 1673 2006 1729 desideravit.
2048 1673 2182 1741 Qui,
2228 1671 2339 1744 quia

406 1766 570 1830 rapot
606 1762 967 1830 Spitamenis
1003 1770 1159 1814 mult:
1187 1764 1406 1815 tectum
1435 1762 1705 1831 habebat,
1731 1765 2071 1836 suspectus,
2102 1764 2340 1817 scrutan-

402 1850 562 1902 mum
598 1850 730 1918 quid
778 1850 1095 1918 enumeret,
1151 1848 1429 1903 ostendit.
1476 1848 1833 1904 Confuderat
1880 1850 2005 1905 oris
2043 1846 2338 1919 exsanguis

406 1954 478 1990 ne
490 1942 602 1990 [115⁸
634 1938 839 2006 pallor,
875 1954 999 2000 ner,
1035 1942 1171 2006 quis
1192 1940 1375 2004 esset,
1394 1939 1562 1993 nosci
1595 1939 1744 1993 satis
1773 1940 2023 2010 poterat.
2052 1938 2207 2011 Ergo
2232 1951 2337 2002 rex,

402 2026 618 2080 certior
648 2025 836 2080 factus
866 2025 1187 2081 humanum
1215 2032 1390 2096 caput
1417 2026 1627 2082 afferre
1654 2044 1809 2094 eum,
1848 2028 2228 2083 tabernaculo
2256 2041 2338 2080 ex-

402 2114 585 2168 cessit
601 2131 615 2176 ;
634 2117 1130 2184 percontatusque
1154 2115 1296 2186 quid
1322 2116 1410 2168 rei
1438 2115 1536 2181 sit,
1559 2115 1657 2170 illo
1683 2117 2016 2186 profitente,
2041 2113 2335 2189 cognoscit.

403 2202 596 2257 Variae
636 2202 774 2257 hinc
822 2203 1216 2274 cogitationes
1256 2204 1514 2258 invicem
1556 2205 1816 2260 animum
1857 2206 2098 2260 diversa
2130 2206 2340 2277 agitan-

399 2293 520 2345 tem
549 2294 1010 2346 commoverant.
1045 2291 1317 2346 Meritum
1345 2292 1561 2363 ingens
1588 2293 1652 2345 in
1682 2297 1871 2347 semet
1906 2309 2045 2348 esse
2073 2292 2337 2355 credebat,

400 2380 557 2451 quod
581 2379 896 2453 transfuga
923 2385 981 2436 et
1015 2381 1300 2452 proditor,
1336 2382 1513 2436 tantis
1543 2381 1746 2449 rebus,
1800 2383 1855 2436 si
1883 2382 2161 2451 vixisset,
2189 2379 2338 2449 injec-

396 2471 570 2524 turus
595 2484 840 2537 moram,
863 2468 1206 2524 interfectus
1226 2473 1390 2526 esset
1418 2473 1662 2525 :contra
1690 2470 1925 2525 facinus
1953 2472 2171 2540 ingens
2189 2482 2337 2524 aver-

399 2559 658 2626 sabatur,
688 2574 822 2614 cum
861 2558 1076 2628 optime
1106 2560 1380 2614 meritum
1425 2561 1497 2615 de
1526 2560 1679 2630 ipsa,
1715 2561 2114 2615 communium
2143 2572 2335 2630 paren-

397 2649 516 2700 tem
543 2646 794 2702 liberum
804 2646 842 2717 ⁹,
875 2663 981 2718 per
1001 2646 1251 2701 insidias
1269 2647 1687 2702 interemisset.
1711 2647 1863 2702 Vicit
1887 2650 2083 2704 tamen
2111 2645 2336 2718 gratiam

397 2734 592 2789 meriti
619 2735 866 2790 sceleris
903 2735 1199 2801 atrocitaS,
1244 2735 1701 2807 denuntiarique
1742 2736 1930 2808 jussit
1959 2738 2024 2791 ut
2052 2734 2334 2792 excederet

397 2823 632 2890 cestrie,
653 2839 768 2909 neu
794 2823 1046 2878 licentiae
1075 2823 1343 2878 barbarae
1374 2825 1679 2894 exemplar
1697 2825 1761 2878 in
1790 2823 2129 2880 Graecorum
2152 2834 2333 2878 mores

395 2912 454 2964 et
479 2911 642 2964 mitia
672 2911 916 2983 ingenia
943 2910 1317 2967 transferret.

467 2997 671 3070 Dahae,
710 2999 1068 3073 Spitamenis
1114 3001 1276 3056 caede
1319 3006 1639 3073 comperta,
1688 3002 2115 3073 Dataphernen,
2152 2997 2330 3054 defec-

395 3087 577 3142 tionis
625 3087 760 3159 ejus
797 3089 1161 3160 participem,
1208 3090 1471 3144 vinctum
1510 3090 1845 3145 Alexandro
1885 3104 2064 3160 seque
2097 3086 2321 3142 dedunt.

443 3307 487 3352 6.
517 3305 748 3356 emebat.
785 3309 977 3364 L'usage
1005 3307 1240 3365 classique
1269 3309 1558 3355 reclamet-ait
1590 3309 1636 3354 le
1658 3310 1916 3365 subjonctir
1932 3309 1959 3353 a
1984 3317 2113 3353 cause
2138 3305 2196 3348 du
2219 3303 2325 3357 style

393 3371 610 3415 indirect.
647 3370 722 3418 cf.
750 3374 821 3425 111,
842 3383 893 3425 11,
911 3376 1020 3416 note
1039 3373 1113 3416 27.

447 3433 492 3478 7.
528 3433 590 3476 De
618 3436 784 3478 cetero.
819 3436 853 3476 A
889 3433 1106 3480 l’avenir.

446 3498 492 3538 8.
526 3496 661 3539 Notae
684 3495 793 3540 orie.
834 3497 918 3538 Les
946 3495 1101 3540 truite.

447 3555 489 3597 9.
517 3553 745 3600 Libertum.
779 3557 867 3598 Sur
897 3564 950 3596 ce
973 3554 1154 3610 genitis,
1181 3558 1245 3602 ct.
1281 3562 1353 3613 Vl,
1387 3569 1459 3614 111,
1484 3564 1592 3602 note
1620 3558 1660 3603 7.

2441 2487 2448 2589 Ξ

2439 2590 2448 2907 ἒ

2431 3086 2443 3241 Ι
