2517 3975
177 336 247 392 12

175 690 244 748 13

177 1048 241 1102 14

173 1313 243 1370 15

170 1577 240 1636 16

301 211 372 267 10
852 223 859 232 ’
1059 233 1114 278 3.
1155 231 1325 272 cmm
1361 232 1498 271 num

301 337 434 392 bor.
468 337 577 391 Hic
598 337 745 391 tanti
764 341 1085 408 apparatus
1116 339 1431 409 exercituS,
1467 338 1594 393 haec
1615 341 1701 394 tot
1721 339 1986 410 gentium
2008 341 2064 392 et
2083 338 2275 393 totius

303 422 563 480 Orientis
592 426 782 480 excita
810 425 1058 481 sedibus
1089 428 1219 481 suis
1250 427 1444 482 moles
1474 426 1739 480 finitimis
1767 429 1964 497 potest
1991 442 2124 481 esse
2151 429 2275 480 ter-

298 513 501 568 ribilis
541 527 556 568 t
598 515 743 568 nitet
779 529 1041 584 purpura
1089 530 1376 584 auroque,
1408 514 1597 583 fulget
1634 514 1815 568 armis
1858 522 1914 568 et
1952 514 2274 584 opulentia,

303 606 581 673 quantam
609 603 725 672 qui*
753 602 945 675 oculis
994 618 1116 657 non
1167 603 1494 674 subjecere.
1538 603 1757 657 animis
1801 603 2116 673 concipere
2152 618 2275 657 non

299 694 574 761 possunt.
606 690 725 746 Sed
769 690 1152 746 Macedonum
1182 692 1364 762 acies,
1397 695 1568 746 torva
1604 707 1756 745 sane
1802 694 1860 746 et
1888 692 2129 759 inculta,
2163 691 2273 745 cli-

296 779 463 852 peis*
493 779 842 851 hastis*que
872 780 1210 836 immobiles
1240 796 1464 835 cuneos
1498 784 1556 835 et
1584 779 1849 835 conferta
1876 781 2093 835 robora
2115 780 2276 833 viro·

298 885 431 924 rum
460 872 619 942 tegit.
655 870 779 939 Ipsi
811 869 1210 942 phalangem*
1236 874 1472 937 vocant,
1493 870 1755 941 peditum
1785 870 1996 924 stabile
2025 884 2268 944 agmen:

297 958 396 1010 vir
424 957 574 1026 viro,
609 957 793 1009 armis
824 972 988 1010 arma
1019 958 1297 1011 conserta
1319 958 1494 1010 sunt:
1529 956 1601 1009 ad
1632 958 1838 1011 nutum
1864 958 2159 1010 monentis
2179 956 2275 1008 in-

298 1046 465 1113 tenti,
500 1046 671 1115 sequi
698 1044 894 1115 signa,
932 1046 1177 1100 ordines
1220 1060 1463 1099 servare
1503 1045 1851 1100 didicerunt.
1882 1045 2048 1111 Quod
2084 1046 2274 1114 impe-

297 1137 485 1199 ratur,
521 1149 726 1188 omnes
757 1133 1081 1188 exaudiunt
1112 1152 1124 1187 :
1158 1134 1456 1188 obsistere
1475 1134 1534 1201 ¹⁸,
1566 1136 1901 1200 circumire,
1935 1135 2272 1188 discurrere

298 1222 363 1276 in
384 1237 593 1292 cornu,
618 1228 843 1277 mutare
866 1238 1126 1295 pugnam
1147 1239 1267 1277 non
1288 1222 1470 1277 duces
1497 1225 1691 1295 magis
1721 1238 1894 1293 quam
1915 1224 2131 1276 milites
2151 1224 2269 1276 cal—

298 1312 422 1364 lent
440 1310 505 1363 ¹⁹.
545 1310 649 1380 Ac,
681 1326 755 1365 ne
785 1312 915 1365 auri
944 1312 1297 1383 argentique
1327 1312 1523 1365 studio
1549 1312 1738 1366 teneri
1759 1310 2000 1382 putes²⁶‚
2024 1310 2212 1365 adhuc
2228 1312 2266 1338 ²¹
2323 1327 2327 1331 ·

299 1398 400 1453 illa
441 1398 754 1470 disciplina
792 1403 1135 1470 paupertate
1177 1401 1465 1472 magistra
1505 1401 1666 1456 stetit
1698 1418 1711 1453 z
1754 1399 2019 1471 fatigatis
2055 1401 2268 1454 humus

298 1487 492 1542 cubile
523 1494 633 1553 est,
667 1488 858 1556 cihuS,
904 1504 1078 1559 quem
1116 1491 1495 1558 occuparunt,
1537 1491 1732 1557 satiat,
1771 1491 2035 1559 tempora
2072 1489 2268 1543 somni

302 1575 522 1630 artiora
552 1591 727 1645 quam
755 1577 949 1631 noctis
993 1580 1151 1631 sunt.
1194 1578 1327 1632 Jam
1360 1577 1690 1631 Thessali'²
1721 1576 1951 1647 equites
1990 1578 2050 1636 et
2088 1576 2267 1631 Acar-

293 1663 540 1718 nanes¹³
570 1663 869 1733 AEtolique
888 1665 948 1733 ²⁴,
982 1667 1202 1719 invicta
1242 1666 1394 1720 bello
1435 1681 1665 1732 manue,
1692 1665 1890 1719 fundis
1906 1664 1947 1733 *‚
1980 1665 2175 1736 credo,
2210 1665 2265 1719 et
2343 1713 2348 1722 .

294 1750 488 1806 hastis
506 1750 527 1769 *
566 1752 708 1822 igne
748 1754 978 1808 duratis
1006 1753 1403 1824 repellentur!
1453 1755 1593 1808 Pari
1622 1754 1837 1809 robore
1866 1769 2018 1824 opus
2045 1756 2161 1809 est.
2195 1755 2262 1808 In

344 2002 417 2045 18.
453 1999 695 2054 Obsistere,
722 1999 920 2054 prendre
958 1999 1168 2055 position,
1209 2001 1325 2044 faire
1363 2000 1479 2057 tace,
1508 2002 1632 2046 tenir
1659 2002 1770 2047 tete.
1793 2025 1849 2035 —
1877 2002 1958 2054 Qui
1995 2012 2091 2045 cum
2129 2002 2268 2045 obsi&

290 2068 387 2115 ure
413 2074 464 2106 ao
491 2062 720 2117 defendere
747 2066 1022 2115 conarentur,
1051 2063 1163 2107 male
1205 2063 1413 2107 mulctati
1441 2064 1738 2118 repelluntur.
1769 2064 1965 2109 voulant
2003 2063 2121 2108 taire
2160 2064 2259 2107 face

288 2131 336 2170 et
365 2120 419 2170 3ὀ
444 2125 664 2169 defendre
692 2124 823 2179 (Cic.,
849 2125 974 2170 Verr.
997 2125 1125 2169 Aetio
1144 2126 1348 2175 secunda,
1370 2128 1441 2179 IV,
1470 2127 1554 2181 43).

342 2187 604 2237 Circumire,
634 2186 855 2230 executer
900 2197 991 2230 une
1035 2187 1325 2231 conversion.
1354 2209 1410 2219 —
1434 2187 1694 2232 Mecum-ere
1740 2188 1788 2232 in
1816 2198 1966 2245 corun,
1992 2186 2150 2233 courir
2198 2186 2257 2231 du

287 2249 413 2293 trent
436 2262 527 2294 aux
556 2249 694 2293 31133.
713 2271 761 2280 -
794 2249 960 2292 Mutare
984 2260 1187 2303 paenam,
1211 2249 1321 2291 taire
1344 2250 1622 2294 volte-face.

340 2312 413 2355 19.
450 2311 746 2358 obsistere...
782 2311 964 2354 canent.
993 2311 1141 2355 Culleo
1171 2322 1286 2354 avec
1308 2310 1534 2356 l’inflnitit'
1560 2314 1678 2356 n'est
1706 2311 1850 2367 gnere
1873 2311 2126 2367 classique.

339 2374 413 2419 20.
452 2374 606 2417 Tenere·
628 2377 774 2428 putes.
802 2372 977 2427 Ellipse
1005 2373 1068 2416 du
1086 2374 1210 2427 sujet
1233 2373 1290 2417 de
1314 2374 1358 2416 13
1385 2374 1674 2429 proposition
1693 2373 1926 2418 infinitive
1954 2385 2045 2419 eor.

339 2438 410 2480 21.
438 2436 596 2490 Adnue,
624 2435 811 2490 jusqu’e
826 2440 1127 2479 maintenant.

338 2498 414 2542 22.
449 2500 507 2539 La
539 2495 774 2547 Thessalae,
819 2498 965 2551 partie
1008 2502 1080 2540 est
1109 2498 1165 2541 de
1194 2498 1237 2540 13
1279 2499 1427 2543 Grece
1475 2499 1858 2554 septentrionale,
1886 2503 1959 2542 est
1991 2510 2083 2543 une
2129 2503 2290 2542 vaste.

287 2560 442 2615 plaine
472 2558 696 2602 entouree
722 2558 781 2603 (13
808 2559 977 2603 hautes
1004 2564 1276 2613 montagnes
1305 2561 1382 2615 (33
1414 2565 1483 2617 N„
1521 2564 1594 2605 les
1621 2566 1773 2604 monte
1802 2560 2197 2616 cambuntensqui
2217 2562 2260 2603 la

287 2622 507 2677 separent
533 2621 590 2664 de
631 2620 674 2662 la
714 2620 1005 2676 Maced01n03
1037 2621 1237 2676 31Ὀ.,13
1260 2623 1404 2667 Pinde
1423 2622 1505 2679 qui
1535 2625 1579 2667 la
1611 2624 1777 2678 separe
1801 2622 1857 2666 de
1879 2621 2073 2678 mpii-03
2100 2634 2157 2665 33
2192 2624 2256 2676 s„

284 2685 435 2730 l’Ossa
462 2682 542 2737 qui
563 2681 606 2725 13
628 2680 790 2735 separe
810 2683 869 2725 de
886 2677 1067 2725 l’Etolie
1088 2688 1136 2727 et
1167 2684 1224 2727 de
1253 2684 1299 2728 13
1318 2686 1536 2741 Locrid03
1562 2685 1589 2729 3
1611 2685 1710 2740 m„
1734 2697 1825 2729 une
1852 2684 2019 2727 chaine
2042 2681 2262 2747 cotiere);

286 2751 336 2791 et
359 2748 554 2788 ouverte
582 2741 848 2788 seulement
867 2755 926 2788 33
954 2747 1097 2790 N.-B.
1122 2757 1206 2801 par
1235 2748 1282 2789 la
1318 2747 1472 2792 vallee
1501 2747 1559 2791 de
1600 2747 1785 2801 Tempe.
1823 2751 1890 2791 un
1918 2747 2064 2802 grand
2089 2748 2255 2802 nenive,

285 2808 331 2851 13
359 2805 525 2859 Penes,
548 2815 703 2848 arrose
730 2812 854 2853 cette
883 2808 1058 2861 plaine.
1086 2812 1148 2853 Le
1173 2820 1292 2864 pays
1317 2811 1593 2854 nourrissait
1620 2808 1920 2857 d’exceuents
1949 2812 2184 2859 cheveux,
2206 2814 2255 2854 et

283 2870 355 2933 ips
374 2867 668 2911 Thessaliens
688 2866 863 2911 etaient
880 2871 1141 2914 renommes
1170 2882 1352 2919 comme.
1378 2872 1620 2916 cavaliers.

336 2932 409 2976 23.
443 2929 1055 2986 L'Aeernanie,presqu‘ilea
1071 2933 1307 2977 l’ouestde
1331 2933 1376 2976 la
1397 2932 1546 2978 Grece
1571 2944 1881 2990 moyenne‚au
1891 2934 1979 2978 sud
1989 2933 2049 2978 de
2071 2927 2253 2989 lepino,

280 2998 417 3038 entre
454 2993 497 3036 13
526 2991 650 3047 33113
674 2991 962 3038 d’Ambrecie
985 2999 1033 3037 et
1061 2995 1104 3037 la
1124 3006 1221 3037 mer
1250 2995 1487 3049 lonienne,
1521 3001 1593 3041 est
1611 3004 1702 3040 une
1730 2995 1889 3051 region
1918 3000 2254 3053 montagneuee

281 3066 364 3100 sur
396 3054 465 3099 133
507 3055 652 3105 cotes,
688 3059 838 3119 et-un
881 3066 990 3110 pays
1030 3056 1125 3110 plat
1151 3056 1267 3100 dans
1298 3057 1562 3114 l’interieur,
1591 3063 1774 3103 sut-tout
1797 3069 1905 3102 vers
1936 3058 2012 3101 ΡΒ.
2046 3057 2162 3101 dans
2206 3057 2252 3099 la

279 3117 429 3161 vallee
452 3118 509 3163 de
529 3116 811 3165 l’Aehelous.
837 3120 896 3160 Le
932 3117 1002 3161 331
1031 3128 1061 3171 y
1085 3116 1198 3162 etait
1224 3119 1375 3163 fertile
1404 3125 1453 3163 et
1476 3122 1751 3171 nourrissait
1774 3132 1867 3164 333
1907 3119 2030 3164 force
2057 3129 2168 3162 rece
2191 3118 2252 3163 de

280 3179 505 3224 chevaux.
537 3183 622 3223 Les
648 3178 964 3223 Acarnaniene
1002 3178 1178 3223 etaient
1219 3193 1285 3224 un
1308 3182 1480 3238 peuple
1509 3185 1735 3239 guerrier,
1764 3182 1921 3226 habile
1939 3182 1966 3225 a
2005 3182 2180 3224 manier
2204 3180 2251 3223 la

278 3240 463 3287 fronde.

328 3304 404 3351 24.
439 3295 634 3351 L'Etolt'e
654 3304 800 3347 forme
827 3302 873 3347 13
898 3304 1006 3358 plus
1036 3307 1208 3360 grande
1233 3309 1384 3362 partie
1411 3307 1469 3353 de
1493 3309 1538 3352 la
1556 3307 1699 3354 crece
1719 3318 1959 3363 moyenne,
1987 3316 2048 3350 au
2074 3305 2168 3353 eud
2189 3305 2248 3349 de

276 3360 446 3421 l’Epire
480 3371 527 3410 et
554 3365 613 3410 de
651 3365 697 3409 13
723 3367 985 3419 Thessalia.
1019 3371 1142 3412 Dans
1181 3369 1458 3426 materiem,
1500 3372 1543 3414 le
1572 3380 1688 3426 pays
1727 3376 1799 3415 eet
1843 3376 2151 3423 montagneux
2197 3373 2247 3412 et

277 3429 460 3482 etei-ilex,
506 3439 588 3472 sur
622 3428 669 3471 13
695 3429 813 3480 cote,
851 3428 886 3473 il
914 3434 985 3473 est
1028 3432 1123 3485 plat
1164 3436 1212 3475 et
1250 3432 1419 3476 fertile.
1448 3437 1574 3477 Deux
1616 3434 1796 3477 fleuvee
1820 3432 1865 3475 le
1909 3434 2187 3486 parcoumnt
2224 3441 2239 3473 z

273 3489 537 3596 {Achelous
562 3494 611 3534 et
628 3485 862 3537 PssvenuS.
886 3496 973 3536 Les
995 3485 1217 3551 Etoliene,
1245 3495 1490 3551 grossiers,
1519 3495 1728 3551 putaras,
1758 3494 2004 3539 formaient
2028 3493 2240 3539 d‘oxcet-

294 3559 400 3597 ente
420 3552 679 3607 gnei-riets-
1291 3590 1300 3599 .
