2517 3975
348 552 414 607 15

348 1269 416 1324 16

349 1715 416 1769 17

351 2073 418 2128 18

352 2429 422 2485 19

271 2789 421 2844 ‘20

2100 2 2109 3 a
2150 0 2269 10 *vv-v*-

474 248 581 304 240
1230 268 1285 314 Q.
1325 267 1495 306 cunm
1531 267 1669 306 num

542 373 879 428 Alexander
907 373 1284 444 Spitamenen
1326 379 1383 431 et
1428 375 1709 445 Catenen,
1744 392 1778 430 a
1816 373 2035 447 quibus
2085 374 2142 429 ei
2183 371 2364 427 traditus

472 466 596 518 erat
624 461 870 533 Bessus,
902 463 1059 517 haud
1097 465 1315 519 dubius
1359 466 1501 537 quin
1534 480 1737 521 eorum
1768 480 1944 535 opera
1972 463 2166 536 redigi
2192 459 2364 534 possent

471 552 532 605 in
581 556 924 623 potestatem
974 555 1073 625 qui
1120 561 1486 610 novaverant
1532 571 1648 624 reS‚
1686 554 1869 626 jussit
1913 554 2159 609 accersi.
2204 549 2365 616 Atini,

472 639 835 708 defectionis,
889 641 959 695 ad
1007 659 1182 712 quam
1239 640 2092 710 coercendam‘evocabantur,
2143 645 2365 700 auctores
2429 705 2430 714 ἵ

471 731 862 800 vulgaverant
884 730 1055 801 fama,
1083 752 1104 781 α
1130 731 1472 787 Bactrianos
1495 733 1722 803 equites
1746 749 1776 784 a
1797 748 1940 804 rege
1965 748 2188 801 omneS,
2211 725 2371 784 utooci-
2429 717 2430 738 *

472 819 770 890 cierentur,
796 822 1042 886 accersi,
1064 823 1239 893 idque
1274 821 1624 892 imperatum
1651 822 1831 891 ipsis:
1865 837 1983 875 non
2016 813 2369 875 sustinuisse¹³

472 913 668 964 tamen
701 909 966 978 exsequi,
999 925 1072 963 ne
1111 909 1471 980 inexpiabile
1511 910 1571 963 in
1613 911 1926 979 populares
1964 908 2192 963 facinus
2229 904 2372 962 admit-

471 1001 684 1053 terent.
719 998 855 1051 Non
896 998 1085 1069 magis
1123 997 1444 1052 Alexandri
1486 999 1798 1064 saeviliam,
1833 1015 2004 1067 quam
2038 999 2208 1052 Bessi
2238 994 2373 1068 parri-

474 1087 688 1142 cidium
718 1086 876 1140 ferre
904 1088 1185 1159 potuisse.
1217 1111 1238 1136 »
1268 1087 1490 1159 Itaque,
1520 1104 1628 1141 sua
1657 1093 1861 1158 sponte
1886 1088 2008 1159 jam
2041 1091 2248 1156 motoS‚
2273 1085 2375 1140 metu

472 1192 662 1247 poenae
694 1174 848 1230 haud
877 1176 1194 1229 difficulter
1226 1176 1299 1230 ad
1330 1193 1489 1229 arma
1513 1177 1977 1231 concitaverunt.

543 1264 897 1331 Alexander,
935 1263 1381 1336 transfugarum
1412 1263 1742 1319 defectione
1780 1268 2103 1335 comperta,
2135 1263 2379 1320 Craterum

472 1355 752 1409 obsidere
791 1351 1131 1424 Cyropolim
1151 1354 1192 1381 ¹⁴
1224 1353 1414 1424 jubet.
1458 1354 1590 1423 Ipse
1641 1354 1817 1407 aliam
1862 1354 2074 1408 urbem
2093 1355 2133 1381 ¹⁸
2169 1350 2378 1424 regionis

473 1443 742 1516 ejusdem
770 1460 993 1499 corona
1023 1443 1211 1514 capit:
1246 1444 1562 1514 signoque,
1585 1447 1648 1498 ut
1667 1444 1924 1514 puberes
1946 1444 2378 1506 interficerentur,

473 1535 628 1604 dat0,
661 1534 874 1604 reliqui
902 1533 964 1587 in
992 1533 1253 1603 praedam
1294 1548 1536 1587 cessere
1584 1533 1855 1587 victoris.
1889 1533 2052 1588 Urbs
2099 1534 2280 1589 diruta
2307 1531 2378 1594 est,

472 1626 535 1679 ut
565 1622 745 1677 ceteri
775 1622 960 1677 cladis
989 1620 1122 1692 ejus
1152 1622 1421 1691 exemplo
1452 1623 1923 1677 continerentur.

543 1711 950 1778 Memaceni¹⁶,
982 1711 1174 1765 valida
1204 1727 1374 1783 gena,
1400 1710 1767 1765 obsidionem
1797 1727 1918 1765 non
1950 1714 2015 1765 ut
2042 1711 2383 1768 honestiorem

473 1801 668 1872 modo,
696 1800 802 1854 sed
831 1800 1007 1853 etiam
1032 1803 1095 1854 ut
1124 1801 1421 1867 tutiorem,
1447 1799 1604 1854 ferre
1637 1799 2043 1857 decreverant.
2072 1802 2162 1856 Ad
2189 1809 2383 1872 quorum

473 1890 858 1961 pertinaciam
896 1888 1288 1960 mitigandam
1324 1902 1432 1942 rex
1469 1906 1502 1942 L
1547 1889 1777 1958 equites
1824 1890 2137 1960 praemisit,
2183 1890 2271 1960 qui
2301 1884 2385 1939 ele-

473 1979 754 2035 mentiam
793 1978 985 2049 ipsius
1014 1977 1077 2032 in
1107 1977 1334 2033 deditos
1374 1978 1665 2048 simulque
1704 1978 2140 2034 inexorabilem
2182 1976 2385 2032 animum

474 2071 535 2123 in
556 2070 823 2124 devictos
845 2068 1247 2123 ostenderent.
1275 2067 1366 2120 Illi
1387 2083 1496 2122 nec
1516 2067 1587 2122 de
1609 2068 1744 2135 fide,
1768 2084 1877 2122 nec
1905 2068 1976 2122 de
1997 2069 2246 2138 potentia
2266 2061 2387 2132 regis

474 2160 641 2231 ipsos
660 2159 700 2187 ¹⁷
731 2158 1000 2213 dubitare
1031 2157 1414 2228 respondent,
1444 2157 1791 2228 equitesque
1828 2157 2073 2212 tendere
2104 2163 2259 2212 extra
2288 2166 2386 2207 mu-

475 2249 737 2302 nimenta
774 2246 939 2301 urbis
971 2245 1187 2318 jubent
1221 2263 1234 2299 :
1288 2245 1661 2315 hospitaliter
1707 2246 1919 2299 deinde
1961 2251 2250 2317 exceptOS,
2288 2254 2391 2312 gra·

474 2352 699 2409 vesque
731 2336 928 2407 epulis
959 2338 1014 2389 et
1044 2351 1278 2404 somno,
1312 2335 1724 2405 intempesta¹⁸
1754 2339 1923 2389 nocte
1954 2335 2165 2406 adorti,
2195 2329 2389 2388 interfe-

475 2431 704 2481 cerunt.
725 2425 1065 2480 Alexander
1085 2423 1241 2479 haud
1270 2440 1463 2490 secuS,
1488 2441 1661 2494 quam
1692 2440 1799 2494 par
1829 2428 1973 2493 erat,
1997 2429 2208 2491 motuS‚
2229 2421 2394 2476 urbem

476 2532 696 2571 corona
727 2513 1125 2581 circumdedit,
1152 2513 1533 2567 munitiorem
1562 2529 1734 2590 quam
1757 2516 1819 2568 ut
1840 2513 2031 2585 primo
2062 2516 2267 2583 impetu
2289 2502 2392 2574 capi

475 2609 702 2678 posset.
736 2606 935 2676 Itaque
965 2604 1328 2675 Meleagrum
1367 2606 1424 2657 et
1452 2603 1790 2657 Perdiccam
1820 2603 1882 2656 in
1914 2604 2218 2678 obsidione
2252 2596 2394 2652 relin-

476 2696 621 2766 quit.
662 2695 801 2763 Ipse
854 2693 1252 2764 proficiscitur
1310 2690 1383 2744 ad
1434 2691 1740 2746 Craterum
1793 2690 2154 2763 Cyropolim,
2194 2692 2250 2744 ut
2288 2685 2430 2771 antei

477 2784 692 2839 dictum
726 2787 834 2854 est,
869 2783 1258 2839 obsidentem.
1290 2781 1584 2837 Statuerat
1617 2785 1811 2835 autem
1839 2798 2085 2851 parcere
2122 2780 2249 2836 urbi
2279 2787 2395 2830 eon-

474 2875 607 2928 ditae
655 2891 688 2928 a
732 2873 886 2946 Cyro
927 2888 941 2928 z
992 2873 1208 2946 quippe
1255 2887 1376 2926 non
1426 2870 1624 2943 alium‘
1654 2872 1920 2943 gentium
1968 2872 2194 2926 illarum
2235 2861 2396 2933 magis

476 2964 802 3019 admiratus
851 2965 962 3032 est,
1003 2978 1175 3034 quam
1222 2960 1382 3014 hunc
1428 2976 1632 3032 regem
1680 2963 1735 3014 et
1782 2959 2153 3028 Samiramin,
2185 2968 2314 3028 quos
2350 2949 2395 3000 θ*

475 3051 880 3126 magnitudine
928 3051 1111 3107 animi
1160 3053 1216 3104 et
1261 3048 1525 3104 claritate
1581 3064 1777 3104 rerum
1823 3048 2006 3124 longe
2062 3045 2341 3105 emicuisse
2363 3033 2393 3061 '⁹

527 3237 598 3280 13.
634 3235 912 3281 Sustinuisse
938 3233 1308 3284 avecl’infinitif,
1339 3233 1402 3277 cf.
1437 3235 1507 3283 lv,
1533 3244 1596 3290 xv,
1627 3239 1733 3278 note
1765 3238 1831 3279 ss.

526 3299 599 3342 14.
635 3297 893 3352 Cyropolim,
921 3298 1033 3342 ville
1064 3310 1143 3342 sur
1174 3298 1396 3346 l’laxarte,
1428 3295 1591 3339 fondee
1620 3308 1705 3351 par
1732 3300 1886 3352 Cyrus
1911 3297 2131 3342 l’Ancien.

528 3366 598 3407 15.
637 3360 782 3404 Atiam
811 3362 973 3413 urbem,
997 3372 1107 3405 sans
1127 3361 1267 3404 doute
1283 3360 1424 3401 Gaza.

526 3425 601 3467 16.
635 3423 890 3473 Memaceni,
918 3425 1084 3476 peuple
1114 3423 1325 3475 sogdien.
1355 3421 1435 3475 qui
1463 3419 1661 3466 habitait
1684 3434 1765 3466 sur
1794 3423 1867 3468 les
1894 3425 2020 3470 rives
2040 3425 2093 3470 de
2117 3421 2314 3466 riaxarte.

529 3489 596 3529 fl.
627 3485 770 3538 Ipsos.
796 3485 865 3526 On
895 3486 1144 3527 attendrait
1171 3494 1239 3528 se.

528 3550 601 3589 18.
632 3547 908 3598 Intempesta,
937 3544 1002 3588 cf.
1037 3548 1111 3595 lv,
1128 3557 1228 3597 xm,
1248 3550 1358 3589 note
1382 3549 1427 3588 2.

529 3607 600 3649 19.
635 3605 899 3658 Emicuisse,
930 3606 1047 3647 dans
1076 3617 1128 3649 ce
1161 3618 1292 3661 sens,
1318 3607 1628 3661 n'appartient
1658 3619 1741 3665 pas
1771 3609 1797 3655 a
1824 3613 1868 3656 la
1896 3623 2033 3668 prose
2060 3609 2284 3661 classique·
