2517 3975
599 265 992 307 msroammm
1028 266 1368 308 Annnunm
1406 271 1487 319 vi,
1529 269 1630 307 vn.
1989 251 2096 306 189

152 375 428 430 tissimum
454 375 694 446 pignuS,
742 375 899 446 quod
929 377 1101 445 caput
1130 392 1307 430 suum
1334 376 1712 446 permisisset
1740 375 1881 429 fidei
1907 375 2097 429 adhuc

150 465 471 534 inexpertae.
529 463 619 517 Ad
670 462 957 527 ultimum,
1029 463 1294 518 aversari
1354 464 1551 518 scelus
1606 466 2095 533 perseverantem

149 553 344 607 mortis
363 554 522 606 metu
539 553 720 606 terret
740 567 753 605 :
778 553 850 605 ab
872 550 976 605 illo
999 551 1189 622 capite
1208 553 1243 579 ¹¹
1268 551 1616 622 conjuratos
1635 552 2094 621 pulcherrimum

2152 555 2220 611 10

148 641 360 696 facinus
413 640 816 695 inchoaturos,
864 638 1029 693 Alias
1077 639 1286 695 deinde
1335 638 1736 696 effeminatum
1780 642 1836 694 et
1881 639 2095 694 mulie·
2150 643 2215 697 11

146 729 315 785 briter
349 728 641 796 timidum,
681 728 830 783 alias
858 729 1221 798 proditorem
1250 728 1581 799 appellanS,
1631 743 1788 783 nunc
1831 728 2097 800 ingentia

147 817 480 888 promittens
507 817 1003 884 -interdumque
1031 829 1282 884 regnum
1309 831 1545 887 quoque
1564 846 1636 857 —
1659 816 1937 871 versabat
1965 815 2097 869 ani-

145 923 291 961 mum
325 908 486 960 tanto
526 904 789 960 facinore
826 905 1030 975 procul
1067 905 1514 961 abhorrentem.
1561 904 1840 962 Strictum
1880 904 2096 959 deinde

145 993 431 1066 gladium*
459 993 635 1048 modo
667 992 849 1059 illius,
878 992 1052 1047 modo
1083 1008 1192 1046 suo
1226 991 1553 1047 admovens
1574 991 1811 1064 jugulo,
1844 992 2097 1062 supplex

144 1082 289 1137 idem
325 1084 382 1135 et
416 1079 696 1148 infestuS,
728 1081 1024 1150 expressit
1044 1083 1110 1136 ut
1137 1080 1377 1135 tandem
1403 1096 1525 1135 non
1546 1081 1741 1135 solum
1770 1080 2091 1145 silentium,

146 1172 240 1226 sed
285 1171 461 1225 etiam
519 1184 762 1239 operam
809 1168 1209 1239 polliceretur.
1261 1168 1525 1239 Namque
1544 1169 1584 1242 ’ἵ
1633 1169 1865 1225 abunde
1910 1185 2093 1224 cons-

50 1294 51 1297 =
144 1259 307 1314 tantis
346 1257 547 1325 animi,
593 1256 742 1310 nihil
799 1273 873 1311 ex
909 1257 1162 1327 pristina
1223 1258 1533 1312 voluntate
1588 1260 1940 1327 mutaverat,
1990 1259 2096 1313 sed

145 1350 360 1418 captum
397 1344 612 1415 Dymni
660 1345 912 1399 amicitia
958 1345 1278 1398 simulabat
1332 1345 1479 1399 nihil
1523 1360 1805 1400 recusare
1822 1346 1881 1399 ¹³.
1934 1345 2097 1400 Scis-

145 1435 300 1488 citari
323 1433 462 1487 inde
491 1433 690 1503 pergit
713 1448 846 1486 cum
884 1433 1100 1504 quibus
1129 1436 1308 1488 tantae
1336 1433 1427 1487 rei
1464 1433 1805 1487 societatem
1832 1432 2046 1487 inisset
2081 1451 2094 1486 :

143 1522 444 1594 plurimum
481 1519 706 1574 referre
726 1521 767 1547 ¹⁴
812 1522 1015 1591 quales
1052 1522 1170 1575 viri
1216 1524 1335 1574 tam
1372 1520 1739 1575 memorabili
1779 1521 1950 1591 operi
1988 1520 2095 1574 ad-

143 1613 349 1667 moturi
376 1626 590 1665 manus
620 1612 841 1664 essent.
875 1610 1001 1679 Ille,
1022 1613 1081 1663 et
1107 1610 1365 1669 amicitia
1391 1611 1447 1665 et
1466 1612 1693 1665 scelere
1714 1609 1868 1664 male
1887 1625 2094 1676 sanim,

144 1700 309 1755 simul
339 1699 569 1769 gratias
606 1699 744 1770 agit,
778 1698 953 1752 simul
990 1700 1324 1769 gratulatur
1352 1698 1509 1770 quod
1537 1697 1882 1754 fortissimis
1920 1698 2096 1769 juve-

144 1789 311 1843 num*
332 1803 456 1842 non
485 1786 808 1840 dubitasset
836 1801 903 1839 se
941 1786 1286 1858 adjungere,
1311 1786 1627 1851 Demetrio,
1652 1786 1926 1856 corporis
1955 1800 2098 1840 cus-

141 1878 291 1933 todi*
319 1875 633 1940 PeucolaO,
669 1874 954 1930 Nicanori
984 1890 998 1927 ε
1047 1875 1249 1946 adjicit
1278 1874 1375 1929 his
1412 1874 1805 1944 Aphobetum,
1847 1875 2094 1941 Iolaum,

143 1967 484 2035 Dioxenum,
516 1963 912 2033 Archepolim,
960 1964 1295 2036 Amyntam.

206 2056 297 2108 Ab
336 2055 449 2109 hoc
478 2068 753 2108 sermone
784 2052 1094 2118 dimissuS,
1143 2052 1586 2108 Nichomachus
1627 2053 1699 2107 ad
1737 2050 1985 2107 fratrem
2027 2081 2099 2094 —-

143 2142 418 2198 Cebalino
437 2142 480 2169 ¹³
518 2143 644 2196 erat
678 2157 897 2196 nomen
930 2171 1004 2182 ——
1032 2156 1163 2211 quae
1204 2143 1509 2211 acceperat
1546 2139 1756 2196 defert.
1778 2141 1982 2195 Placet
2010 2140 2100 2211 ip-

145 2231 331 2285 sum¹⁶
367 2229 699 2284 subsistere
741 2229 803 2281 in
838 2229 1236 2299 tabernaculo,
1276 2244 1372 2294 ne,
1415 2229 1471 2282 si
1517 2229 1744 2298 regiam
1793 2228 2097 2295 intrasset,

145 2335 263 2373 non
296 2322 573 2374 assuetus
611 2318 772 2371 adire
811 2333 1030 2390 regem,
1073 2316 1369 2388 conjurati
1405 2318 1676 2387 proditos
1706 2332 1772 2371 se
1810 2332 1945 2372 esse
1974 2332 2100 2371 res-

144 2409 455 2464 ciscerent.
502 2407 639 2477 Ipse
676 2406 994 2461 Cebalinus
1024 2410 1151 2460 ante
1189 2407 1547 2461 vestibulum
1583 2407 1766 2478 regiae
1793 2435 1865 2446 —
1907 2421 2100 2475 neque

145 2498 293 2551 enim
329 2498 581 2567 propius
608 2495 801 2549 aditus
833 2496 887 2549 ei
916 2496 1151 2565 patebat
1178 2525 1248 2535 —
1287 2495 1580 2563 consistit,
1623 2496 1947 2565 opperiens
1980 2496 2095 2549 ali-

2151 908 2221 963 12

2153 1176 2223 1230 13

2153 1353 2222 1407 14

2155 1622 2224 1675 15

2161 2066 2225 2120 16

2156 2420 2223 2474 17

145 2600 308 2655 quem
339 2602 414 2642 ex
436 2585 629 2655 prima
658 2585 897 2639 cohorte
926 2584 1245 2639 amicorum
1260 2584 1302 2650 *,
1325 2600 1359 2637 a
1387 2600 1498 2655 quo
1530 2585 2007 2639 introduceretur
2028 2584 2101 2638 ad
2179 2633 2184 2639 .

144 2687 366 2742 regem.

213 2762 409 2834 Forte,
476 2763 691 2818 ceteris
747 2761 1033 2831 dimissiS‚
1112 2777 1271 2816 unus
1333 2760 1620 2828 Philotas,
1686 2762 2103 2818 Parmenionis

139 2848 297 2906 filius
331 2884 404 2894 -
427 2854 721 2908 incertum
758 2867 934 2922 quam
961 2851 1034 2906 ob
1060 2867 1304 2907 causam
1336 2881 1407 2891 —
1435 2852 1784 2906 substiterat
1821 2853 1881 2906 in
1910 2852 2101 2923 regia.

143 2938 294 2994 Huic
331 2942 671 3008 CebalinuS‚
713 2956 816 2995 ore
852 2939 1118 3007 conquO,
1156 2956 1391 3012 magnae
1431 2940 1897 3010 perturbationis
1928 2944 2103 2996 notas

138 3043 266 3097 prae
301 3047 368 3086 se
404 3031 629 3093 serene,
669 3030 857 3100 aperit
893 3046 1024 3101 quae
1070 3046 1146 3084 ex
1179 3029 1369 3100 fratre
1424 3033 1811 3100 compererat,
1871 3033 1929 3084 et
1966 3029 2101 3084 sine

192 3221 267 3265 11.
297 3224 362 3267 Ab
377 3225 461 3269 illo
489 3224 649 3280 capite,
668 3234 753 3279 par
772 3222 928 3267 latete
957 3222 1014 3265 de
1044 3222 1345 3269 Nicomacho.

200 3286 267 3327 12.
298 3286 502 3343 Namque.
528 3289 563 3329 11
591 3291 768 3343 promet
794 3290 910 3339 tout,
934 3296 1012 3328 car
1036 3287 1069 3328 il
1095 3292 1168 3330 est
1195 3286 1360 3330 decide
1388 3287 1415 3329 a
1444 3297 1668 3341 manquer
1696 3283 1723 3327 a
1751 3295 1804 3327 sa
1821 3286 1981 3339 parole
1999 3290 2050 3329 et
2077 3286 2103 3328 ὲ

143 3342 322 3390 ῐόνόιθι·
347 3351 390 3391 le
413 3350 636 3404 complet.
1258 3349 1267 3358 ‘

200 3408 267 3451 13.
300 3410 537 3466 Bet-usare,
566 3412 730 3465 ellipse
748 3410 811 3454 du
838 3410 963 3465 sujet
988 3422 1059 3457 se.

200 3472 271 3516 ss.
301 3474 543 3518 Plurimum
567 3474 739 3527 referre
753 3471 934 3526 depend
961 3472 1070 3516 d’un
1087 3472 1229 3516 verbe
1257 3483 1436 3516 comme
1466 3472 1643 3515 dicens.

201 3534 273 3574 15.
305 3534 512 3580 Cebalino
531 3547 615 3579 sur
642 3547 695 3579 ce
724 3536 854 3588 datis,
873 3536 940 3579 cf.
973 3537 1046 3589 111,
1075 3546 1184 3585 xm,
1205 3538 1315 3578 note
1346 3538 1415 3577 10.

205 3595 275 3637 16.
303 3596 458 3649 Ipsum,
487 3596 788 3642 c’est-a-dire
800 3596 1122 3644 Nicomachum.
1327 3601 1328 3606 ’

1853 3685 1939 3732 11.

2158 2777 2227 2831 18
