2517 3975
278 547 350 603 36

312 1672 340 1724 οὺ

310 2823 346 2879 5

408 244 515 301 200
1166 258 1220 302 Q.
1265 257 1435 296 cnm-1
1472 254 1608 296 num

406 385 553 435 cam,
585 372 971 440 percepturos
999 366 1276 432 arbitror,
1319 366 1373 420 si
1411 364 1618 420 eadem
1644 349 1907 435 linguam
1933 364 2105 420 fuero
2133 381 2279 420 usus
2293 365 2340 430 ⁸¹,

405 474 517 530 qua
548 461 613 512 tu
640 458 836 530 egisti,
869 474 988 513 non
1019 457 1095 512 ob
1129 456 1310 520 aliud,
1347 454 1547 518 credo,
1588 469 1761 524 quam
1799 458 1861 509 ut
1900 456 2093 510 oratio
2133 459 2232 510 tua
2269 457 2343 509 in-

405 545 588 617 telligi
616 548 823 617 posset
850 560 884 598 a
911 544 1206 616 pluribus.
1239 565 1264 592 n
1298 544 1446 597 Tum
1473 558 1582 597 rex
1614 560 1629 596 z
1667 564 1691 590 «
1720 542 1945 613 Ecquid
1972 543 2192 598 videtis
2222 543 2345 599 adeo

403 634 580 688 etiam
608 632 899 689 sermonis
926 633 1102 703 patrii
1129 631 1404 686 Philotan
1431 631 1689 685 taedere‘?
1727 630 1897 685 solus
1933 632 2153 702 quippe
2189 631 2345 686 fasti-

403 722 510 777 diit
550 738 682 777 eum
728 722 980 778 discere.
1038 720 1154 776 Sed
1190 720 1347 793 dicat
1384 735 1547 786 sane,
1585 723 1899 790 utcumque
1944 720 2000 775 ei
2048 721 2214 774 cordi
2251 723 2344 789 est,

403 810 542 868 dum
564 811 961 868 memineritis
980 824 1146 879 seque
1167 810 1336 864 illum
1356 826 1388 863 a
1404 812 1613 863 nostro
1633 823 1800 864 more
1818 824 1995 879 quam
2024 825 2060 863 a
2088 822 2346 865 sermone

404 900 743 957 abhorrere.
781 922 804 949 »ι
836 899 1023 970 Atque
1052 899 1132 952 ita
1157 899 1434 953 contione
1464 897 1744 953 excessit.

1202 1170 1457 1227 CAPUT
1505 1172 1562 1227 X

1050 1340 1306 1389 Discours
1349 1340 1413 1389 de
1455 1340 1709 1389 Philotas.

1177 1483 1438 1538 (Automne,
1465 1481 1589 1536 330.)

473 1668 620 1721 Tum
646 1663 911 1720 Philotas
943 1681 958 1718 ι
995 1684 1019 1713 α
1051 1663 1270 1730 Verba,
1310 1663 1521 1733 inquit,
1562 1663 1863 1718 innocenti
1900 1664 2169 1734 reperire
2198 1662 2356 1718 facile

403 1758 514 1824 est,
546 1752 785 1809 modum
823 1752 1146 1808 verborum
1184 1753 1408 1807 misero
1430 1755 1630 1807 tenere
1660 1750 1921 1807 difficile.
1956 1752 2184 1822 Itaque,
2214 1752 2356 1806 inter

401 1843 685 1914 optimam
707 1839 1132 1894 conscientiam
1153 1841 1210 1892 et
1236 1837 1675 1908 iniquissimam
1703 1837 2003 1893 fortunam
2027 1839 2352 1903 destitutae,

402 1933 615 2004 ignoro
654 1927 944 2001 quomodo
994 1930 1053 1982 et
1089 1927 1285 1982 animo
1330 1943 1459 1982 meo
1498 1930 1555 1981 et
1592 1928 1843 1998 tempori
1877 1942 2141 1998 paream.
2188 1927 2357 1981 Abest

401 2022 639 2095 quidem
665 2019 921 2090 optimus
948 2034 1144 2072 causae
1174 2032 1319 2071 meae
1332 2016 1548 2089 judex¹
1575 2035 1590 2071 t
1616 2018 1718 2089 qui
1745 2033 1851 2073 cur
1878 2033 1972 2072 me
2002 2017 2135 2088 ipse
2164 2018 2353 2072 audire

401 2110 679 2176 noluerit,
709 2123 828 2165 non
856 2106 1192 2162 mehercule
1241 2106 1536 2179 excogito,
1577 2122 1712 2161 cum
1753 2106 1863 2173 illi,
1897 2107 2238 2177 utrimque²
2264 2122 2354 2161 co·

401 2201 569 2272 gnita
597 2213 796 2263 causa,
827 2199 948 2251 tam
987 2195 1263 2251 damnare
1299 2211 1395 2249 me
1422 2195 1616 2261 liceat,
1649 2211 1826 2266 quam
1853 2195 2212 2251 absolvere:
2245 2210 2351 2249 non

402 2288 640 2360 cognita
666 2301 832 2356 vere,
876 2284 1120 2339 liberari
1166 2283 1239 2337 ab
1284 2283 1534 2338 absente
1571 2298 1692 2338 non
1728 2298 1999 2353 possum,
2030 2284 2131 2356 qui
2160 2300 2194 2338 a
2218 2297 2354 2354 prae·

403 2380 573 2432 sente
613 2374 926 2429 damnatus
974 2387 1128 2426 sum.
1178 2371 1296 2426 Sed
1342 2386 1699 2442 quamquam
1737 2370 1922 2427 vincti
1957 2371 2216 2427 hominis
2246 2386 2352 2425 non

402 2478 771 2535 supervacua
798 2460 1011 2528 solum,
1043 2459 1150 2514 sed
1179 2458 1356 2514 etiam
1400 2459 1598 2513 invisa
1646 2457 1915 2513 defensio
1944 2461 2055 2525 est,
2088 2459 2186 2531 qui
2203 2458 2230 2530 j
2239 2458 2353 2512 udi·

402 2569 530 2608 cem
575 2567 700 2607 non
741 2549 952 2606 docere
995 2549 1251 2615 videtur,
1302 2548 1410 2602 sed
1455 2562 1710 2618 arguere
1740 2563 1757 2601 ε
1788 2548 2007 2618 tamen,
2051 2551 2350 2617 utcumque

401 2641 540 2696 licet
563 2656 655 2695 me
685 2639 902 2708 dicere,
933 2643 1147 2693 memet
1171 2636 1304 2707 ipse
1332 2652 1453 2690 non
1482 2635 1774 2703 deseram,
1797 2651 1906 2691 nec
1925 2637 2276 2692 committam
2293 2634 2352 2687 ut

403 2730 714 2785 damnatus
741 2728 916 2783 etiam
942 2742 1076 2781 mea
1104 2725 1401 2780 sententia
1430 2725 1656 2779 videar.

473 2818 780 2889 Equidem,
813 2817 986 2889 cujus
1015 2812 1278 2870 criminis
1307 2829 1448 2869 reus
1477 2813 1612 2883 sim,
1647 2829 1767 2868 non
1793 2813 1975 2869 video
2007 2831 2020 2871 ε
2053 2815 2205 2869 inter
2219 2827 2351 2867 con·

397 2906 633 2980 juratos
660 2919 834 2960 nemo
865 2919 959 2960 me
990 2902 1275 2973 nominat,
1318 2902 1391 2957 de
1436 2917 1532 2957 me
1581 2900 1978 2957 Nicomachus
2013 2902 2162 2957 nihil
2188 2899 2343 2965 dixit,

309 3000 348 3056 6
405 2993 722 3050 Cebalinus
750 2992 886 3063 plus
913 3007 1091 3064 quam
1119 2991 1384 3047 audierat
1422 2991 1577 3047 scire
1606 3007 1725 3046 non
1761 2992 1972 3061 potuit.
2012 2991 2183 3062 Atqui
2207 3004 2345 3043 con-

396 3082 721 3155 jurationis
746 3084 921 3153 caput
947 3097 1042 3136 me
1070 3079 1261 3135 fuisse
1291 3079 1476 3135 credit
1520 3080 1649 3134 rex!
1702 3079 1902 3136 Potuit
1930 3096 2071 3162 ergo
2100 3080 2346 3150 Dymnus

453 3276 532 3321 30.
563 3273 729 3319 Eadem
755 3273 922 3329 linqua,
951 3285 1064 3318 sans
1089 3274 1232 3320 doute
1257 3274 1304 3318 le
1326 3284 1456 3329 grec,
1480 3272 1669 3317 Pax-mee
1691 3273 1998 3319 d’Alexandre
2014 3284 2065 3318 se
2091 3269 2346 3336 composaqt

403 3336 909 3452 sugcugidassressm
938 3408 1019 3441 sur
1045 3409 1098 3441 ce
1116 3400 1244 3443 futur
1273 3395 1525 3443 anterieur.
1547 3398 1619 3444 cf.
1645 3398 1697 3453 V,
1726 3410 1762 3456 1,
1784 3404 1894 3443 note
1919 3400 1964 3444 3.

456 3461 517 3505 x.
543 3483 594 3493 -
622 3464 664 3503 1.
693 3459 850 3510 Iudex,
868 3459 1141 3513 Alexandre,
1163 3460 1243 3513 qui
1270 3458 1429 3503 venuit
1457 3458 1515 3501 de
1543 3460 1715 3514 quitter
1734 3459 2048 3506 l’assemblee.

408 3526 507 3623 figi
526 3519 894 3626 θῖέεἷέηιέἑιῐοέῃὲἓῗ
933 3518 1060 3562 deux
1083 3527 1230 3574 parts,
1261 3520 1558 3565 c’est-e-dire
1590 3523 1728 3577 apres
1760 3522 1894 3567 avoir
1916 3522 2120 3569 entendn
2142 3520 2341 3565 Paucum·
