2517 3975
72 2261 75 2298 ῑἸ
161 2251 380 2319 perium
412 2268 587 2306 suum
624 2251 815 2323 parati
845 2254 902 2305 et
934 2250 1164 2303 intenti.
1197 2250 1334 2319 Ipse
1365 2264 1604 2303 currum
1631 2249 1794 2320 regis
1823 2248 2117 2318 sequeba-

631 256 1025 296 ms'romARuu
1061 256 1395 296 Annxmnm
1436 259 1495 311 V,
1533 259 1616 294 x1.
1998 237 2099 293 153

176 363 441 419 vestibulo
467 365 764 435 praetorii*
784 365 1047 437 aderant,
1064 367 1350 422 titulum¹⁸
1371 366 1673 421 sollemnis
1686 366 1728 393 ⁴⁴
1747 364 1976 421 officii¹⁸
2005 381 2100 419 oc-

175 451 300 506 culto
346 454 557 508 sceleri
602 454 1006 525 praeferentes
1047 456 1283 520 DariuS,
1323 457 1500 528 signo
1547 455 1618 509 ad
1657 454 1915 509 eundum
1943 453 2099 522 dato,

173 555 383 594 currum
436 542 688 611 pristino
738 560 904 598 more
942 534 1310 601 conscendit.
1369 545 1749 599 Nabarzanes
1804 546 2102 614 ceterique
2161 540 2230 594 13

169 629 527 699 parricidae¹⁶‚
559 631 1013 700 procumbentes
1042 633 1225 701 humi,
1259 649 1432 704 quem
1448 633 1622 703 paulo
1650 633 1787 702 post
1805 631 1867 685 in
1897 633 2105 687 vincu-

169 714 233 770 lis
258 717 511 772 hahituri
537 723 721 789 erant,
747 719 1141 776 sustinuere¹⁷
1167 722 1467 792 venerari,
1486 721 1763 776 lacrimas
1791 720 1965 774 etiam
1994 735 2106 790 pae-

171 803 404 859 nitentiae
452 807 678 862 indices
732 806 1123 878 profuderunt
1156 828 1169 863 ε
1202 811 1350 864 adeo
1380 808 1656 862 humanis
1703 807 1966 879 ingeniis
1998 822 2105 878 pa-

166 895 323 949 rata¹⁸
362 895 661 951 simulatio
711 900 822 952 est.
873 899 1090 954 Preces
1143 899 1352 954 deinde
1406 898 1754 968 suppliciter
1801 897 2106 952 admotae¹⁰
2163 894 2230 949 14

168 980 404 1052 Darium,
437 989 646 1040 natura
666 987 992 1057 simplicem
1023 990 1079 1042 et
1097 989 1318 1056 mitem,
1350 1004 1474 1043 non
1502 988 1744 1042 credere
1760 986 1953 1050 modo,
1974 1000 2105 1055 quae

165 1068 535 1140 affirmabant,
567 1074 673 1128 sed
713 1075 852 1130 flere
888 1077 1065 1130 etiam
1106 1080 1448 1148 coegerunt.
1481 1076 1567 1129 Ac
1604 1090 1678 1129 ne
1724 1077 1844 1129 tum
1871 1073 2108 1145 quidem
2166 1071 2233 1129 15

167 1161 386 1229 cogitati
444 1163 689 1217 sceleris
749 1165 1021 1234 paenituit
1043 1165 1107 1236 ¹⁰,
1145 1181 1279 1220 cum
1330 1165 1699 1220 intuerentur
1754 1164 1988 1235 qualem
2053 1166 2110 1217 et

165 1262 347 1320 regem
385 1253 443 1305 et
491 1251 688 1306 virum
733 1252 1024 1310 fallerent.
1065 1254 1171 1309 Ille
1218 1255 1475 1325 quidem,
1521 1269 1769 1308 securus
1805 1252 2106 1323 periculi²¹

165 1333 300 1405 quod
335 1341 613 1409 instabat,
646 1341 968 1396 Alexandri
1006 1359 1239 1408 manus,
1283 1359 1430 1414 quas
1473 1343 1632 1396 solas
1658 1342 1922 1407 timebat,
1953 1340 2110 1395 effu-

162 1438 289 1494 gere
317 1429 695 1499 properabat.

946 1625 1188 1682 CAPUT
1225 1626 1309 1680 XI

216 1776 281 1825 Le
311 1777 542 1840 complot
576 1780 658 1826 est
690 1776 920 1827 denonce
954 1779 984 1826 a
1017 1778 1227 1827 Darius·
1257 1806 1322 1814 —
1355 1778 1800 1840 Decouragement
1838 1777 1908 1826 du
1941 1777 2043 1827 roi.

1002 1905 1118 1965 (ste,
1141 1910 1268 1965 330.)

224 2072 435 2128 Patron
484 2074 698 2139 autem,
739 2072 1078 2127 Graecorum
1134 2072 1273 2143 dux,
1333 2071 1603 2142 praecipit
1647 2072 1777 2126 suis
1816 2073 1878 2124 ut
1928 2086 2114 2136 arma,
2175 2067 2200 2120 1

164 2174 284 2229 quae
321 2163 385 2217 in
414 2162 668 2216 sarcinis
699 2165 872 2215 antea
907 2160 1265 2229 ferebantur,
1318 2161 1649 2226 induerent,
1682 2161 1754 2214 ad
1794 2174 1965 2213 omne
2001 2160 2117 2212 im-

2174 2245 2208 2297 [Θ

163 2342 269 2410 tur,
290 2342 592 2398 occasioni
611 2341 957 2395 imminens¹
977 2340 1315 2410 alloquendi
1345 2355 1497 2404 eum,
1530 2339 1746 2410 quippe
1776 2337 1952 2400 Bessi
1979 2337 2119 2391 faci·

210 2526 280 2569 13.
319 2526 530 2578 Titulum,
576 2528 878 2580 proprement
923 2523 1215 2577 inscription,
1255 2521 1442 2566 affiche.
1472 2523 1631 2565 Domus
1665 2521 2052 2575 proscribebatur,
2082 2521 2124 2564 ,τὶ

165 2587 257 2640 quis
290 2598 450 2639 emere,
479 2598 522 2630 ει
559 2587 656 2641 quis
693 2586 930 2630 conducere
956 2586 1119 2637 vellen
1146 2586 1268 2629 venit
1299 2585 1615 2637 Athenodorus.
1646 2584 1757 2636 teuit
1786 2583 1982 2636 titulum,
2006 2584 2039 2626 il
2071 2584 2124 2627 lit

161 2647 397 2694 l’ecritcau
424 2649 570 2704 (Ptine
591 2651 633 2702 j.
622 2680 654 2703 .,
688 2651 964 2703 v11‚xxvn,
1004 2652 1066 2703 Ἴ).
1093 2670 1149 2679 -
1179 2648 1353 2692 Titulus
1383 2658 1410 2690 a
1438 2647 1501 2691 ici
1540 2647 1586 2690 le
1616 2656 1725 2690 sens
1759 2646 2023 2699 particulier
2064 2647 2135 2695 de,

163 2712 389 2766 motirpeu
407 2712 548 2765 fonde,
575 2715 802 2766 pretexte.

212 2775 283 2819 1.4
320 2774 557 2819 sollemnis
583 2773 701 2817 dans
717 2785 802 2830 son
831 2784 940 2817 sens
966 2759 1311 2827 etymologique
1330 2770 1509 2826 (soleo).

210 2837 284 2884 15.
324 2838 486 2893 Officii,
512 2847 754 2890 comparer
780 2823 1088 2891 i’expression
1105 2833 1526 2888 francaise‚rendre
1540 2832 1567 2877 ὰ
1586 2833 1816 2889 quelqu'un
1843 2844 1915 2877 ees
1932 2832 2123 2878 devozrs.

165 2899 282 2943 c’est
307 2912 400 2942 une
420 2900 617 2943 allusion
647 2898 733 2941 ala
759 2903 973 2941 coutume
998 2901 1126 2940 toute
1145 2896 1350 2940 romaine
1371 2897 1455 2939 des
1474 2896 1784 2939 salutationes.

213 2962 286 3008 16.
324 2961 585 3008 Parricidae.
621 2960 747 3004 Cf.le
775 2964 870 3003 mot
901 2958 1208 3014 parricidium,
1225 2961 1298 3014 ΙΙΙ,
1319 2970 1381 3012 Vl,
1410 2963 1518 3001 note
1539 2958 1608 3002 10.

211 3025 286 3067 17.
323 3023 526 3068 Suetium
562 3033 674 3068 avec
697 3022 920 3066 l’inssnitif
936 3020 1059 3064 n’est
1101 3032 1186 3076 pas
1221 3022 1278 3066 de
1308 3020 1519 3076 l'epoque
1562 3021 1812 3075 classique.
1844 3021 1915 3065 Cf.
1951 3024 2022 3075 lv,
2065 3032 2127 3074 ιν,

167 3092 273 3129 note
296 3088 371 3130 11.

216 3150 292 3193 18.
325 3149 508 3201 Parata,
530 3153 659 3193 toute
683 3147 827 3203 prete,
855 3146 913 3190 de
942 3145 1077 3203 lacon
1104 3146 1131 3188 a
1157 3154 1213 3189 ce
1238 3146 1377 3200 qu’on
1418 3145 1514 3190 s’en
1553 3157 1701 3197 serve,
1741 3158 1826 3200 par
1852 3146 1975 3190 suite
2004 3151 2130 3190 toute

168 3212 414 3256 naturelle.
443 3242 449 3248 .

218 3272 296 3319 19.
332 3274 534 3326 Admotae,
555 3285 674 3327 pour
699 3272 930 3325 adllibitae,
951 3272 1072 3314 n’est
1103 3282 1187 3324 pas
1215 3270 1273 3314 de
1302 3269 1513 3326 l'epoque
1542 3270 1801 3325 classique.

220 3338 295 3379 20.
332 3335 557 3390 Paenituit,
582 3337 748 3390 ellipse
777 3335 839 3379 du
860 3334 1033 3388 regime
1061 3345 1156 3377 eos.

221 3399 298 3442 21.
340 3397 524 3443 Securus
545 3398 757 3453 periculi.
781 3397 968 3441 Securus
991 3407 1100 3439 avec
1128 3397 1173 3438 le
1195 3395 1367 3449 genitis
1385 3401 1460 3439 est
1486 3396 1700 3451 poetique
1725 3407 1785 3439 ou
1813 3396 2072 3451 posterieur
2109 3396 2134 3437 a

178 3462 398 3515 Auguste.
424 3466 454 3505 1,
459 3462 649 3517 ’epoque
677 3460 907 3515 classique
938 3464 1031 3502 met
1059 3468 1240 3500 securus
1265 3458 1316 3501 de
1340 3463 1388 3501 et
1408 3458 1436 3501 l’
1442 3458 1621 3501 ablatif.

231 3526 310 3568 xl.
346 3524 725 3571 —1.0ccasiont
763 3522 1016 3566 imminens,
1048 3519 1310 3571 Ιηιηιίηειηε
1324 3519 1423 3563 etre
1463 3519 1704 3575 suspendu
1733 3531 1808 3563 au·
1811 3519 1999 3574 dessus‚
2031 3516 2135 3562 d'ou

184 3597 242 3628 au
267 3597 382 3630 sens
400 3586 561 3641 figure,
591 3598 642 3631 se
657 3586 859 3641 pencher
878 3594 992 3642 aveo
1004 3581 1258 3627 convoitise
1273 3593 1378 3625 vers
1397 3582 1600 3638 quelque
1625 3584 1781 3629 chose,
1808 3581 2003 3630 desirer,
2028 3589 2136 3622 con-

1920 3678 1978 3730 9,.
