2517 3975
628 251 1027 291 nisi-ommuni
1063 251 1400 293 ALuxAxnm
1437 251 1518 304 xv,
1560 252 1668 288 vu.
2061 233 2132 287 79

196 353 428 422 torem⁴¹‚
460 357 615 412 haud
653 360 966 415 contentus
1005 358 1238 414 mortali
1263 358 1526 429 fastigio,
1561 361 1662 412 aut
1688 358 1960 413 credebat
1992 373 2132 415 esse

187 446 273 496 aut
309 432 461 501 credi
492 447 749 503 volebat.
793 448 954 520 Ergo
996 465 1131 504 cum
1176 449 1278 512 iis,
1313 464 1462 519 quos
1507 446 1722 502 ducere
1765 464 1964 502 secum
2007 451 2133 502 sta-

188 535 368 600 tuerat,
420 537 687 592 secundo
710 538 751 564 ¹³
791 544 958 592 amne
994 536 1304 592 descendit
1332 536 1406 591 ad
1442 536 1724 590 Mareotin
1744 537 1788 564 ¹⁸
1821 537 2126 606 paludem.

187 618 257 673 Eo
300 621 477 694 legati
507 624 937 694 Cyrenensium
958 628 998 653 ¹³
1028 625 1178 680 dona
1214 624 1480 690 attulere,
1507 639 1710 693 pacem
1744 627 1802 677 et
1843 628 1906 678 ut
1948 625 2136 679 adiret

182 709 341 764 urbes
368 726 513 765 suas
552 715 837 783 petentes,
879 714 1007 782 Ille,
1038 713 1212 769 donis
1253 714 1529 783 acceptis,
1571 712 1947 782 amicitiaque
1984 726 2133 767 con-

174 793 375 868 juncta,
407 800 700 856 destinata
747 803 999 874 exsequi
1038 803 1257 875 pergit.
1299 801 1384 855 Ac
1427 803 1621 871 primo
1666 800 1901 871 quidem
1945 804 2002 855 et
2042 817 2138 854 se-

181 888 370 953 quente
402 886 513 953 die,
546 890 874 945 tolerabilis
920 891 1095 946 labor
1122 892 1313 956 visus,
1349 890 1607 943 nondum
1644 892 1765 944 tam
1794 890 1984 944 vastis
2019 906 2136 942 nu·-

180 971 365 1045 disque
409 978 833 1032 solitudinibus
870 980 1066 1047 aditis»,
1097 979 1217 1047 jam
1246 982 1443 1033 tamen
1482 978 1673 1031 sterili
1715 981 1770 1033 et
1809 979 2136 1032 emoriente

179 1063 387 1118 terrast.
423 1064 539 1120 Sed
563 1070 627 1121 ut
657 1083 944 1138 aperuere
982 1069 1100 1122 se¹²
1131 1068 1318 1136 campi
1351 1068 1468 1121 alto
1501 1066 1695 1120 obruti
1715 1067 1948 1134 sabulo,
1982 1065 2137 1120 haud

180 1163 337 1207 secus
392 1169 568 1224 quam
618 1155 976 1226 profundum
1007 1171 1212 1227 aequor
1239 1156 1526 1226 ingressi,
1561 1158 1779 1208 terram
1810 1155 1998 1209 oculis
2039 1171 2137 1208 re·

175 1240 491 1308 quii-ebant.
539 1243 713 1297 Nulla
743 1245 941 1312 arbor,
986 1245 1212 1298 nullum
1246 1243 1396 1298 culti
1428 1244 1543 1297 soli
1576 1243 1926 1297 occurrebat
1955 1242 2138 1298 vesti-

176 1327 340 1396 gium.
370 1332 537 1400 Aqua
567 1333 745 1386 etiarn
773 1332 1084 1397 defecerat,
1117 1347 1294 1403 quam
1315 1332 1552 1386 uti-ibus
1584 1331 1790 1385 cameli
1820 1336 2133 1402 vexerant,

174 1419 225 1471 et
258 1418 314 1472 in
358 1419 530 1474 arido
573 1420 706 1474 solo
755 1436 823 1475 ae
869 1421 1096 1476 fervido
1143 1421 1354 1474 sabulo
1404 1419 1564 1474 nulla
1596 1423 1738 1475 erat.
1783 1420 1872 1473 Ad
1904 1419 2018 1474 hoc
2047 1421 2139 1474 sol

173 1508 350 1562 omnia
400 1510 760 1575 incenderat,
795 1513 1071 1580 siccaque
1119 1513 1177 1564 et
1228 1510 1434 1563 adusta
1492 1512 1660 1562 erant
1690 1524 1813 1575 ora,
1855 1524 1989 1562 cum
2036 1523 2140 1562 re-

174 1598 329 1661 pente
354 1626 430 1638 —
454 1598 586 1653 sive
606 1599 754 1652 illud
784 1600 1026 1653 deorum
1057 1615 1278 1652 munus
1309 1598 1437 1651 sive
1468 1613 1645 1650 casus
1675 1597 1786 1650 fuit
1811 1627 1884 1636 -
1911 1597 2140 1651 obduc-

172 1684 230 1736 tae
267 1685 417 1741 coelo
470 1687 669 1741 nubes
725 1687 1045 1741 condidere
1100 1686 1316 1751 solem,
1379 1687 1595 1757 ingens
1653 1689 1801 1743 aestu
1849 1685 2133 1758 fatigatiS,

172 1771 386 1828 etiamsi
420 1791 572 1845 aqua
602 1775 890 1843 deficeret,
913 1775 1277 1831 auxilium¹⁸.
1313 1774 1625 1830 Enimvero
1648 1778 1712 1829 ut
1739 1776 1972 1846 largum
1993 1790 2139 1846 quo-

171 1872 272 1927 qne
302 1862 557 1917 imbrem
590 1868 982 1919 excusserunt
1014 1862 1314 1933 procellae,
1346 1879 1453 1933 pro
1486 1879 1551 1917 se
1581 1864 1832 1933 quisque
1864 1864 2137 1932 excipere

174 1960 313 2021 eum,
359 1952 623 2022 quidam,
659 1951 734 2007 ob
779 1953 939 2008 sitim
981 1952 1341 2024 impotentes
1379 1948 1491 2016 sui,
1528 1966 1632 2007 ore
1672 1968 1903 2023 quoque
1950 1952 2140 2006 hianti

170 2039 395 2105 captare
443 2043 772 2109 coeperunt.
823 2040 1227 2105 Quadriduum
1269 2056 1373 2109 per
1412 2043 1617 2092 vastas
1649 2039 2003 2092 solitudines
2034 2039 2140 2092 ab·

173 2130 465 2196 sumptum
494 2132 609 2183 est.

231 2213 477 2286 Jamque
503 2217 659 2271 haud
688 2218 891 2288 procul
921 2218 1139 2272 oraculi
1170 2215 1318 2271 sede
1342 2214 1603 2279 aberant,
1637 2231 1771 2269 cum
1797 2214 2136 2284 complures

166 2305 323 2358 corvi
353 2307 582 2377 agmini
614 2309 949 2361 occurrunt:
987 2306 1221 2361 modico
1252 2303 1449 2359 volatu
1486 2305 1678 2374 prima
1711 2305 1880 2375 signa
1909 2307 2141 2359 antece-

163 2388 362 2448 dentes
393 2394 497 2465 (et)
527 2393 703 2449 modo
733 2395 898 2448 humi
934 2394 1302 2461 residebant,
1326 2408 1458 2447 cum
1488 2392 1710 2447 lentius
1732 2408 1945 2462 agmen
1974 2392 2136 2448 ince-

167 2477 382 2549 deret¹⁹‚
417 2483 593 2537 modo
623 2498 690 2537 se
720 2483 935 2553 pennis
963 2483 1261 2549 levabant,
1296 2481 1635 2535 ducentium
1654 2483 1894 2552 iterque
1930 2496 2139 2538 mons-

164 2569 440 2625 trantium
468 2572 605 2625 ritu.
630 2571 891 2625 Tandem
923 2572 993 2624 ad
1027 2571 1229 2626 sedem
1247 2570 1290 2597 ²⁰
1325 2572 1729 2624 consecratam
1757 2569 1865 2624 deo
1894 2572 2134 2625 ventum

210 2707 280 2751 ¹12.
313 2709 480 2760 Jonem,
509 2710 686 2763 generis
713 2714 954 2753 auctorem.
971 2711 1215 2764 Plutarque
1235 2708 1529 2762 (Alexandr-e,
1547 2711 1582 2750 11
1605 2715 1650 2752 et
1670 2708 1742 2765 111)
1770 2715 1983 2765 rapporte
2012 2713 2136 2755 cette

161 2767 350 2823 legende
373 2771 554 2826 d'apres
575 2772 775 2827 laquelle
797 2772 1050 2815 Alexandre
1074 2772 1219 2816 serait
1245 2772 1288 2815 le
1310 2771 1382 2814 fils
1402 2771 1459 2813 de
1488 2770 1666 2824 Jupiter
1686 2778 1731 2815 et
1753 2772 2060 2828 d'Olympias.

210 2833 278 2876 13.
312 2833 512 2877 Secundo
541 2844 685 2877 amne.
712 2833 921 2885 Secundo,
940 2833 1102 2876 dei-ive
1133 2834 1189 2876 de
1208 2833 1353 2887 sequi,
1376 2832 1481 2875 idee
1507 2834 1563 2875 de
1587 2833 1769 2878 suivre.

210 2895 280 2944 14.
312 2896 552 2941 Bareote'n.
578 2902 638 2940 Le
669 2898 738 2939 lac
770 2897 997 2952 Mareotis,
1015 2895 1177 2950 separe
1222 2896 1280 2940 de
1310 2896 1353 2938 la
1389 2894 1721 2940 Mediterranea
1757 2910 1838 2952 par
1857 2909 1949 2942 une
1987 2897 2133 2952 petite

156 2952 324 3010 tangue
344 2959 405 3001 de
424 2962 565 3013 terre,
586 2969 667 3002 sur
686 2959 887 3012 laquelle
905 2959 974 3001 fut
995 2957 1252 3000 construite
1294 2957 1583 3010 Alexandrie‚
1611 2961 1812 3003 recevait
1834 2962 1902 3003 les
1922 2972 2042 3003 eaux
2070 2961 2135 3004 du

159 3016 226 3059 nil
246 3030 329 3072 par
359 3021 403 3063 la
420 3020 622 3063 blanche
652 3020 747 3063 dite
767 3020 1032 3074 Canopique.
1060 3023 1119 3062 Ge
1146 3021 1216 3061 lac
1237 3024 1312 3062 est
1332 3019 1618 3073 auj0urd'hui
1645 3021 1891 3066 desseche.

198 3086 278 3127 45.
313 3081 654 3135 Cyrenensium.
697 3083 888 3136 Cyrene,
918 3088 1049 3124 entre
1090 3081 1360 3125 Alexandrie
1404 3085 1449 3124 et
1487 3083 1725 3137 Carthage‚
1764 3083 1878 3128 etait
1901 3083 1929 3128 a
1957 3097 2049 3141 peu
2076 3087 2133 3129 de

154 3139 365 3187 distance
395 3145 452 3189 de
488 3147 533 3188 la
562 3157 678 3200 mer,
708 3156 789 3188 sur
826 3156 889 3187 un
907 3146 1093 3199 plateau
1122 3143 1276 3194 eleve3
1325 3144 1357 3186 il
1378 3153 1439 3187 en
1467 3149 1591 3186 reste
1612 3145 1693 3189 des
1729 3147 1888 3190 ruines
1922 3148 2136 3194 conside-

153 3203 321 3248 rables.

200 3267 273 3309 15.
312 3267 566 3311 Erunt-iente
596 3271 717 3312 terra
747 3273 819 3312 est
837 3267 1081 3323 poetique.

200 3328 272 3374 Π.
311 3328 375 3372 Se
401 3342 613 3384 aper-uere
635 3336 711 3375 est
741 3331 1041 3385 l’equivalent
1059 3328 1169 3372 d'un
1190 3330 1356 3383 passis.

199 3394 273 3434 18.
311 3393 470 3446 Ingens
496 3393 734 3448 auxilium,
770 3393 1034 3448 apposition
1072 3391 1099 3434 ὲ
1132 3394 1175 3434 la
1220 3392 1503 3448 proposition
1551 3394 1747 3437 entiere.
1783 3394 1855 3437 Cf.
1899 3396 1977 3448 111,
2025 3403 2131 3442 xm,

159 3461 258 3496 note
288 3459 340 3501 8.

204 3517 273 3559 19.
312 3516 425 3560 Cum
453 3518 698 3563 incederet.
725 3517 846 3573 Cum,
871 3517 1097 3571 temporel
1134 3528 1244 3560 avec
1286 3519 1330 3561 le
1361 3517 1637 3572 subjonctif.
1672 3518 1742 3560 Ct'.
1777 3521 1932 3570 111,1v‚
1953 3521 2062 3559 note
2080 3517 2126 3558 3.

204 3578 278 3621 20.
316 3579 393 3621 Ad
415 3581 556 3623 sedem
585 3584 878 3624 emmer-atam
905 3581 1005 3626 cleo.
1031 3582 1111 3623 Cet
1137 3579 1256 3623 oasls
1277 3585 1407 3635 porte
1440 3579 1728 3635 auJourd'hui
1759 3580 1801 3620 le
1833 3588 1939 3620 nom
1967 3576 2132 3622 d'oasis

2219 450 2256 504 9

2195 805 2262 858 10

2195 1071 2256 1125 11

2195 1247 2267 1301 12

2195 1427 2266 1481 13

2195 1782 2264 1836 14

2192 2048 2262 2102 15

2190 2582 2262 2637 16
