2517 3975
559 208 948 248 msronnmuu
984 209 1315 249 AnnxAlvnm
1351 212 1457 265 vn,
1497 215 1580 254 x1.
1952 198 2054 253 257

143 329 295 386 quem
339 313 565 370 barbari
620 315 886 370 obsident
928 333 941 369 ε
991 319 1184 371 cetera
1231 318 1574 389 negligunt,
1614 303 1791 376 nuHae
1832 320 2061 391 vigiliae

136 406 282 469 sunt,
310 403 423 458 nisi
453 421 575 476 quae
612 408 807 461 castra
826 404 848 426 *
879 408 1083 459 nostra
1118 408 1404 475 spectant.
1437 408 1760 466 Invenietis
1795 409 1976 476 viam,
2008 406 2065 462 si
2117 417 2189 472 10

142 493 389 547 sollerter
418 494 603 549 rimati
640 493 873 548 fueritis
918 493 1113 548 aditus
1154 493 1408 551 ferentes
1450 497 1524 551 ad
1564 513 1864 555 cacumen.
1895 493 2067 552 Nihil

141 584 242 637 tam
289 582 395 637 alte
429 586 632 637 natura
684 583 1015 649 constituit,
1067 598 1182 653 quo
1224 584 1423 640 virtus
1474 603 1596 640 non
1644 587 1839 657 possit
1884 586 2059 642 eniti.

143 659 485 739 Experiendo
530 687 661 743 quae
709 671 889 726 ceteri
934 672 1398 743 desperaverint,
1430 673 1638 729 Asiam
1676 674 1966 730 habemus
2000 673 2066 727 in

143 761 430 829 potestate.
465 760 713 818 Evadite
750 761 813 813 in
853 775 1132 815 cacumen
1166 779 1179 817 ;
1213 763 1370 832 quod
1412 779 1548 818 cum
1584 765 1893 834 ceperitiS,
1929 778 2071 817 can-
2126 773 2189 827 11

143 847 277 903 didis
295 849 439 904 velis
465 850 708 920 signum
732 847 877 902 mihi
898 848 1147 917 .dabitis;
1174 865 1310 921 ego,
1336 852 1523 922 copiis
1548 852 1819 918 admotis,
1843 852 2074 906 hostem

143 938 195 989 in
227 952 330 991 nos
372 953 402 990 a
440 937 616 993 vobis
656 939 1016 991 convertam.
1067 937 1386 992 Praemium
1416 940 1562 994 erit⁷
1601 940 1676 1007 ei,
1716 941 1819 1010 qui
1845 939 2076 1010 primus
2128 950 2199 1003 12

145 1027 490 1096 occupaverit
524 1026 827 1094 verticem,
859 1025 1114 1080 talenta*
1142 1044 1212 1089 x;
1244 1043 1363 1082 uno
1402 1029 1601 1083 minus
1643 1029 1885 1099 accipiet
1902 1026 1942 1091 ⁸,
1974 1025 2076 1097 qui

143 1115 418 1183 proximus
456 1117 512 1170 ei
549 1115 815 1178 venerit;
856 1114 1181 1185 eademque
1219 1116 1293 1169 ad
1332 1116 1533 1171 decem
1569 1117 1843 1171 homines
1871 1128 2077 1170 serva-

144 1200 280 1257 bitur
313 1204 505 1273 portio
526 1202 564 1256 ⁹.
597 1202 828 1258 Certum
880 1209 1073 1257 autem
1110 1201 1301 1257 habeo
1337 1219 1453 1258 vos
1492 1220 1609 1259 non
1657 1207 1779 1258 tam
1816 1200 2077 1258 liberali-

145 1293 299 1345 tatem
326 1292 541 1347 intueri
568 1307 780 1361 meam,
812 1306 985 1362 quam
1011 1291 1389 1346 voluntatem.
1433 1316 1456 1341 n

203 1380 303 1435 His
343 1381 558 1435 animis
604 1394 814 1451 regem
855 1378 1197 1448 audierunt,
1231 1382 1297 1434 ut
1337 1380 1463 1452 jam
1508 1381 1744 1450 cepisse
1797 1380 2083 1435 verticem
2137 1394 2207 1449 13

143 1468 503 1525 viderentur:
544 1469 916 1539 dimissique,
961 1469 1197 1523 ferreos
1239 1484 1483 1535 cuneos»,
1535 1484 1685 1540 quos
1734 1470 1889 1523 inter
1935 1482 2082 1521 saxa

146 1557 465 1629 defigerent,
517 1557 868 1627 validosque
914 1556 1090 1612 funes
1132 1558 1441 1627 parabant.
1477 1560 1603 1614 Rex
1650 1558 2085 1613 circumvectus
2138 1572 2208 1627 14

143 1648 370 1716 petram,
409 1664 529 1720 qua
557 1647 801 1700 minime
831 1661 1009 1715 asper
1037 1662 1105 1700 ac
1133 1641 1467 1717 praeruptus
1506 1647 1704 1702 aditus
1747 1645 2082 1711 videbatur,

147 1738 377 1792 secunda
401 1737 614 1810 vigilia
630 1735 670 1803 *,
704 1734 859 1807 quod
887 1735 1040 1790 bene
1069 1738 1326 1791 verteret
1343 1736 1404 1805 ¹⁰,
1437 1737 1676 1808 ingredi
1693 1737 1732 1763 ¹¹
1759 1734 1946 1805 jubet.
1969 1731 2085 1801 Illi,

148 1824 420 1881 alimentis
458 1826 521 1879 iu
559 1825 806 1879 biduum
844 1823 1119 1892 sumptiS‚
1152 1824 1369 1896 gladiis
1389 1824 1410 1845 *
1439 1825 1615 1879 modo
1656 1826 1830 1895 atque
1859 1813 2088 1875 hastis*

149 1917 351 1986 armati,
381 1915 589 1970 subire
618 1916 944 1983 coeperunt.
978 1913 1062 1968 Ac
1090 1914 1285 1983 primo
1314 1899 1567 1983 pedibus
1603 1914 1874 1986 ingressi
1900 1912 2042 1965 sunt
2074 1925 2087 1962 ε
2143 1929 2213 1983 15

148 2001 358 2072 deinde,
383 2004 532 2058 utin
554 2004 853 2073 praerupta
878 2009 1226 2071 perventum
1253 2004 1367 2071 est,
1400 2003 1503 2057 alii
1533 2003 1805 2056 manibus
1835 1999 2095 2055 eminen-

152 2091 219 2144 tia
261 2109 401 2147 saxa
439 2091 736 2161 complexi
778 2091 1052 2145 levavere
1090 2093 1312 2155 semet;
1353 2091 1471 2157 alii,
1519 2090 1828 2162 adJectisss
1864 2087 2095 2143 funium

149 2178 381 2251 laqueis,
422 2194 709 2243 evasere;
745 2179 1002 2250 quidam,
1045 2195 1177 2233 cum
1219 2195 1443 2233 cuneos
1489 2178 1642 2233 inter
1688 2193 1833 2232 saxa
1880 2175 2097 2246 defige-

151 2274 262 2323 rent
287 2271 347 2324 ut
374 2269 606 2342 gradus
621 2268 680 2336 ¹⁸,
696 2268 949 2323 subinde
971 2269 1105 2340 quis
1125 2269 1497 2324 insisterent.
1512 2268 1680 2322 Diem
1703 2268 1861 2321 inter
1877 2267 2099 2319 metum

151 2353 512 2428 laboremque
543 2360 1063 2425 consumpserunt.
1080 2357 1192 2411 Per
1220 2372 1432 2426 aspera
1447 2356 1603 2411 nisis
1635 2355 1877 2410 duriora
1915 2353 2099 2407 resta·
2151 2373 2221 2429 15

149 2443 290 2515 bant,
322 2448 379 2501 et
409 2459 684 2500 crescere
716 2444 958 2499 altitudo
1004 2449 1188 2515 petrae
1237 2445 1562 2501 videbatur.
1596 2445 1701 2499 Illa
1738 2459 1881 2499 vero
1923 2442 2100 2495 mise-

153 2533 343 2588 rabilis
375 2535 506 2589 erat
531 2531 717 2586 facies
737 2533 798 2600 ¹⁴,
832 2549 964 2587 cum
1002 2533 1065 2601 ii,
1099 2549 1251 2603 quos
1281 2533 1583 2588 instabilis
1613 2533 1835 2605 gradus
1879 2529 2101 2587 fefelle-

150 2626 247 2692 rat,
277 2641 351 2680 ex
377 2622 674 2695 praecipiti
724 2622 1216 2677 devolverentur:
1241 2639 1383 2677 mox
1412 2623 1618 2678 eadem
1644 2622 1706 2676 in
1734 2636 1801 2676 se
1827 2617 2104 2692 patienda

154 2712 319 2766 alieni
355 2727 538 2768 casus
567 2711 912 2766 ostendebat
941 2712 1295 2783 exemplum.

203 2915 247 2957 Ἰ.
278 2915 391 2960 Erit
411 2913 645 2959 s'accorde
662 2924 774 2958 avec
804 2913 1050 2960 l'attrihut.

196 2978 242 3020 8.
272 2976 512 3022 Entendez
540 2976 731 3031 accipiet
748 2976 788 3020 X
812 2977 996 3029 talenta,
1024 2988 1106 3020 uno
1133 2978 1295 3021 minue.

200 3041 246 3082 9.
276 3039 448 3084 Eadem
473 3039 637 3093 portio,
688 3040 731 3082 la
759 3038 908 3083 meme
937 3040 1202 3094 proportion
1227 3039 1310 3094 (un
1337 3039 1484 3083 talent
1518 3037 1576 3080 de
1603 3037 1755 3087 moins
1787 3047 1905 3091 pour
1932 3038 1978 3081 le
1999 3037 2107 3080 troi·

157 3099 308 3155 sihmo,
335 3101 468 3154 etc.).
822 3126 826 3131 -

202 3163 272 3208 10.
307 3163 435 3215 Quod
455 3164 557 3207 bene
574 3158 795 3213 ναίοιτε.
824 3166 1035 3208 Formule
1058 3164 1116 3209 de
1140 3163 1294 3218 priere
1324 3177 1335 3205 :
1366 3161 1534 3206 Puisse
1562 3162 1609 3205 la
1633 3161 1776 3206 chose
1800 3160 1999 3205 reussir.

202 3226 272 3269 11.
306 3224 506 3278 Inar-cdi.
537 3225 712 3280 Ellipse
740 3226 801 3269 du
829 3226 954 3281 sujet
981 3237 1074 3270 eos.

205 3287 275 3331 12.
311 3286 533 3340 Adjcctis,
558 3286 786 3330 attaches.

209 3347 278 3397 13.
315 3348 510 3394 Gradus.
543 3351 790 3402 Comparez
827 3348 926 3393 Tite
950 3349 1061 3392 Live
1091 3358 1104 3392 t
1132 3348 1293 3393 clavos
1315 3359 1398 3402 per
1423 3348 1591 3392 modica
1618 3348 1860 3392 intervalla
1883 3348 2113 3402 pincentes,

162 3419 249 3453 cum
271 3411 395 3454 velut
412 3410 575 3464 aradus
602 3410 830 3465 recinent,
858 3411 907 3455 in
928 3423 1137 3455 summum
1165 3410 1354 3455 evadunt
1382 3411 1579 3465 (xxvm,
1598 3407 1686 3465 20).
1713 3432 1769 3444 —
1797 3408 1904 3461 Quis
1931 3408 2115 3451 insiste-

165 3474 254 3514 rent
272 3484 289 3515 .-
315 3472 428 3524 Quis
453 3483 630 3517 comme
657 3473 833 3528 quibus.
858 3474 930 3520 Cf.
954 3477 1033 3527 111,
1057 3484 1108 3528 11,
1133 3477 1241 3517 note
1267 3475 1315 3517 8.

212 3534 284 3582 14.
317 3534 481 3581 Facies
524 3545 700 3579 comme
737 3537 1050 3590 spectaculum.
1085 3536 1159 3583 Cf.
1192 3536 1266 3580 les
1293 3535 1467 3581 memes
1491 3536 1635 3586 id6es,
1664 3537 1773 3589 vm,
1797 3543 1867 3584 xi,
1895 3529 1969 3573 12.
