2517 3975
320 592 388 646 18

444 202 548 259 132
1210 218 1264 263 Q.
1305 217 1474 255 cum-1
1514 217 1649 256 num

443 330 707 401 paverat,
740 342 920 397 rupes
949 326 1224 381 abscisas
1267 328 1324 381 et
1361 326 1622 396 undique
1651 329 2007 397 praeruptas,
2054 328 2118 382 in
2165 342 2384 400 quarum

442 417 848 473 cacuminibus
879 419 1047 470 extra
1065 415 1167 470 teli
1184 415 1443 485 *jactum
1469 415 1712 470 barbari
1741 417 1993 484 stabant,
2019 417 2090 472 de
2110 418 2383 473 industria

445 506 626 579 quieti
656 510 713 560 et
741 504 1094 575 paventibus
1120 504 1371 572 simileS,
1405 504 1592 558 donec
1622 505 1682 558 in
1714 505 2042 559 artissimas
2073 505 2275 561 fauces
2297 520 2384 576 pe-

444 597 705 650 netraret
731 608 969 665 agmen.
1018 592 1185 658 Quod
1230 593 1334 647 ubi
1382 596 1721 663 contemptu
1760 593 1855 648 sui
1900 609 2155 664 pergere
2195 596 2382 657 vident,

444 685 566 738 tum
594 697 738 737 vero
768 682 1033 753 ingentis
1062 680 1490 753 magnitudinis
1518 696 1662 736 saxa
1692 696 1799 750 per
1836 683 2123 735 montium
2161 699 2338 752 prona
2354 680 2386 707 ¹⁸

445 770 787 836 devolvunt,
821 785 952 839 quae
983 768 1226 822 incussa
1247 768 1472 837 saepius
1492 767 1948 838 subjacentibus
1970 770 2156 838 petris
2186 770 2385 842 maj0re

444 862 506 915 vi
533 858 887 924 incidebant,
920 872 1028 911 nec
1057 856 1331 928 singulos
1361 857 1554 923 mod0‚
1587 857 1696 912 sed
1724 857 1984 928 agmina,
2010 859 2386 927 proterebant.

444 948 703 1005 Fundis*
725 961 954 1018 quoque
983 945 1219 1000 excussi
1247 944 1479 1015 lapides
1507 949 1561 1000 et
1587 946 1813 1018 sagittae
1831 946 1851 967 *
1871 946 2136 1017 undique
2168 947 2386 1019 ingere-

445 1039 677 1093 bantur.
695 1037 743 1089 N
753 1050 818 1090 ec
833 1035 891 1088 id
903 1035 1304 1090 miserrimum
1321 1034 1575 1089 fortibus
1591 1035 1742 1089 viris
1764 1037 1905 1103 erat,
1922 1035 2030 1089 sed
2046 1036 2208 1106 quod
2223 1036 2386 1100 inulti,

446 1125 604 1195 quod
632 1123 893 1178 ferarum
932 1124 1067 1192 ritu,
1093 1123 1272 1178 veluti
1300 1125 1361 1177 in
1393 1123 1566 1178 fovea
1604 1123 1978 1194 deprehensi,
2011 1124 2385 1179 caederentur.

446 1215 540 1268 Ira
575 1214 755 1285 igitur
784 1213 846 1266 in
887 1212 1111 1266 rabiem
1141 1227 1339 1280 versa,
1373 1211 1695 1266 eminentia
1731 1226 1877 1266 saxa
1903 1211 2221 1281 complexi,
2253 1216 2309 1266 ut
2334 1210 2389 1265 ad

446 1303 672 1357 hostem
694 1302 1093 1373 pervenirent,
1119 1300 1277 1353 alius
1295 1299 1478 1353 alium
1505 1300 1777 1355 levantes
1806 1300 2168 1354 conabantur
2201 1317 2389 1356 ascen-

447 1392 606 1447 dere.
643 1392 724 1446 Ea
755 1391 883 1460 ipsa
912 1388 1231 1443 multorum
1265 1388 1445 1442 simul
1473 1388 1747 1443 manibus
1777 1389 2058 1445 convulsa
2077 1389 2141 1442 in
2164 1406 2289 1458 eOS‚
2310 1387 2388 1459 qui

445 1482 899 1546 commoverant,
931 1477 1295 1532 recidebant.
1321 1478 1444 1532 Nec
1464 1481 1619 1532 stare
1639 1493 1787 1548 ergo
1810 1479 2078 1548 poterant
2099 1494 2213 1532 nec
2235 1477 2387 1539 niti⁴’‚

446 1587 521 1626 ne
557 1568 845 1625 testudine
865 1568 886 1589 *
923 1566 1157 1637 quidem
1201 1568 1458 1637 protegi,
1491 1582 1623 1622 cum
1654 1570 1830 1621 tantae
1860 1567 2035 1621 molis
2064 1583 2252 1622 onera
2280 1584 2390 1639 pro-

445 1660 726 1730 pellerent
754 1656 1015 1711 barbari.
1053 1656 1283 1725 Regem
1311 1670 1430 1709 non
1462 1656 1629 1710 dolor
1656 1656 1850 1723 modo,
1886 1656 1995 1710 'sed
2016 1657 2195 1710 etiam
2226 1657 2393 1727 pudor
2465 1710 2472 1749 Ε

358 1764 374 1778 “
446 1750 669 1803 temere
698 1748 760 1800 in
788 1744 920 1799 illas
964 1744 1277 1814 angustias
1314 1744 1566 1815 conjecti
1598 1743 1951 1800 exercitus²⁰
1998 1746 2277 1816 angebat.
2315 1745 2391 1797 In·
2469 1754 2472 1811 ς’

447 1838 639 1892 victus
689 1837 821 1888 ante
868 1848 998 1887 eam
1047 1833 1203 1887 diem
1230 1832 1444 1897 suerat,
1478 1832 1623 1887 nihil
1654 1831 1878 1889 frustra
1906 1848 2091 1887 ausus
2126 1851 2139 1887 z
2175 1838 2391 1904 impune
2469 1838 2472 1899 ἓ

446 1924 667 1982 Ciliciae
696 1922 898 1977 fauces
927 1920 1268 1984 intraverat,
1303 1936 1465 1975 mare
1508 1936 1742 1991 quoque
1783 1936 1998 1975 novum
2028 1922 2090 1974 in
2123 1921 2388 1994 Pamphy·
2469 1936 2470 1943 ¹

445 2016 585 2070 liam
616 2015 727 2068 iter
755 2011 1067 2082 aperuerat
1100 2027 1111 2063 :
1146 2011 1285 2064 tunc
1309 2010 1620 2065 haesitabat
1641 2011 2005 2080 deprehensa
2030 2010 2282 2066 felicitas
2301 2025 2389 2065 nec

447 2104 606 2160 aliud
660 2100 985 2157 remedium
1029 2100 1173 2165 erat,
1217 2113 1395 2168 quam
1442 2097 1681 2165 reverti,
1716 2113 1830 2167 qua
1860 2102 2136 2154 venerat.
2184 2100 2385 2170 Itaque,

436 2194 620 2265 'signo
643 2188 900 2259 receptui
921 2188 1074 2249 date,
1095 2186 1361 2239 densatis
1384 2185 1717 2255 ordinibus,
1742 2186 2089 2256 scutis*que
2112 2203 2290 2257 super
2306 2201 2384 2238 ca-

446 2284 563 2353 pita
589 2277 905 2343 consertis,
950 2276 1110 2327 retro
1153 2274 1409 2327 evadere
1441 2289 1513 2327 ex
1541 2272 1841 2345 angustiis
1864 2272 2056 2343 jubet.
2089 2293 2215 2329 xxx
2242 2275 2388 2328 fuere

446 2367 691 2434 stadia*,
725 2379 858 2436 quae
886 2362 1149 2416 remensi
1179 2364 1345 2418 sunt.

1222 2575 1478 2640 CAPUT
1530 2586 1628 2640 lv.
2473 2617 2474 2676 1

1093 2736 1291 2785 Defaite
1334 2733 1727 2784 d'Ariobarzane
1739 2770 1753 2787 .

1267 2867 1439 2923 (niver,
1464 2868 1587 2925 331.)

516 3030 683 3099 Tum,
705 3024 957 3080 castris*
985 3023 1245 3093 undique
1274 3022 1478 3090 aperto
1506 3019 1635 3074 loco
1664 3019 1897 3089 positi-⁶³,
1930 3035 2049 3074 non
2075 3022 2406 3076 consultare

445 3118 617 3174 modo
640 3115 781 3188 quid
802 3114 1097 3185 agendum
1123 3118 1303 3178 esset,
1328 3110 1433 3163 sed
1461 3114 1620 3164 vates
1637 3108 1658 3130 *
1681 3124 1914 3180 quoque
1935 3110 2210 3165 adhibere
2231 3112 2407 3181 coepit
2471 3185 2472 3190 η

496 3286 570 3328 18.
603 3279 694 3325 Per
724 3278 933 3329 rotomum
955 3289 1118 3333 prona.
1159 3275 1362 3332 Adiectif
1383 3280 1547 3319 neutre
1586 3284 1699 3318 avec
1729 3284 1790 3317 un
1830 3271 2000 3328 genitis
2029 3275 2217 3331 partitis,
2242 3275 2307 3319 cf.
2337 3279 2410 3328 111,

445 3358 529 3402 vn,
558 3349 662 3388 note
693 3344 760 3386 11.

499 3412 568 3453 19.
603 3405 723 3458 Nini,
750 3407 948 3446 montet.

495 3474 569 3513 20.
604 3466 807 3519 conjecti
826 3463 1066 3508 exercitus.
1095 3466 1154 3508 Le
1183 3460 1412 3518 participe
1441 3458 1709 3515 equivalent
1736 3459 1843 3505 d’un
1870 3469 1977 3504 nom
2008 3459 2213 3512 abstrait,
2240 3458 2304 3507 cf.
2334 3463 2393 3503 ιιι
2410 3489 2423 3510 ,

448 3544 501 3587 11,
513 3533 620 3574 note
649 3532 719 3575 26.
