2517 3975
596 252 986 292 maronianum
1024 252 1361 292 AnnxAnnm
1397 254 1455 303 v,
1497 253 1621 290 xm.
1982 234 2088 290 159

2143 359 2178 413 te

154 361 234 430 qui
266 361 462 432 pergit
501 364 762 417 strenue.
795 363 1018 417 'sabas‘
1052 393 1124 405 —
1162 362 1442 433 oppidum
1480 367 1569 416 est
1612 361 1674 415 in
1713 362 2088 416 Paraetacene

149 449 419 503 ultima—
439 453 711 520 pervenit
740 470 753 506 t
788 452 873 506 ibi
903 451 1227 524 transfugae
1259 452 1531 505 nuntiant
1558 451 1918 521 praecipitem
1950 449 2089 521 suga

152 537 336 592 Bactra
362 542 561 608 petere
591 540 855 595 Darium.
886 541 1151 595 Certiora
1181 540 1391 594 deinde
1422 540 1731 608 cognoscit
1759 554 1834 593 ex
1870 539 2091 610 Bagis-
2144 537 2178 590 3

152 629 265 682 tane
309 628 632 700 Babylonio
686 648 698 684 :
756 646 879 686 non
935 631 1205 701 equidem
1260 629 1525 683 vinctum
1580 644 1821 700 regem,
1874 627 1981 683 sed
2029 627 2089 681 in

154 718 384 784 periculo
415 733 553 773 esse
595 722 694 773 aut
737 721 946 774 mortis
990 723 1086 774 aut
1126 720 1497 773 vinculorum
1544 717 1891 772 affirmabat.
1938 717 2085 784 Rex,
2143 716 2176 770 4

155 805 377 861 ducibus
422 809 766 863 convocatis
801 827 814 862 ε
861 832 882 858 ‹.
925 809 1264 875 Maximum,
1306 807 1515 879 inquit,
1559 822 1728 878 opuS,
1771 806 1874 860 sed
1922 806 2090 859 labor

154 893 520 951 brevissimus
575 900 869 967 superest.
929 898 1145 951 Darius
1200 897 1357 950 haud
1410 897 1637 967 procul,
1689 895 2006 950 destitutus
2053 909 2088 947 a
2128 901 2138 911 ·

156 983 265 1038 suis
289 988 383 1039 aut
411 1002 742 1057 oppressus
768 1002 781 1041 ε
811 989 876 1041 in
906 988 1010 1042 illo
1041 1002 1291 1058 corpore
1320 988 1513 1056 posita
1540 987 1631 1040 est
1666 988 1871 1039 nostra
1906 985 2088 1038 victo-

157 1073 247 1139 ria,
287 1077 337 1128 et
380 1078 539 1130 tanta
592 1093 691 1131 res
738 1077 1057 1131 celeritatis
1121 1079 1213 1131 est
1264 1076 1599 1146 praemium.
1645 1098 1666 1122 ι»
1713 1073 1932 1129 Omnes
1985 1090 2087 1146 pa·
2142 1071 2177 1124 5

155 1162 280 1216 riter
303 1165 665 1220 conclamant
694 1168 935 1235 paratos
964 1167 1131 1235 ipsos
1150 1168 1169 1193 ⁸
1199 1166 1400 1234 sequi:
1434 1179 1543 1218 nec
1570 1163 1762 1218 labori
1793 1178 1903 1217 nec
1931 1163 2090 1232 peri-

156 1252 265 1306 culo
314 1258 598 1323 parceret.
649 1255 840 1326 Igitur
896 1255 1110 1325 raptim
1157 1270 1389 1326 agmen,
1419 1269 1631 1307 cursus
1678 1253 1873 1323 magis
1915 1268 2089 1323 quam

156 1340 357 1396 itineris
403 1343 602 1411 modu,
654 1345 830 1407 ducit,
882 1360 954 1399 ne
994 1347 1284 1399 nocturna
1329 1343 1563 1414 quidem
1592 1342 1786 1412 quiete
1815 1341 2088 1395 diurnum

154 1428 386 1485 laborem
417 1434 738 1488 relaxante.
771 1435 1002 1504 ltaque⁶
1031 1451 1066 1487 n
1098 1434 1289 1487 stadia
1311 1434 1330 1453 *
1360 1433 1673 1502 processit,
1704 1434 2087 1500 perventum·
2142 1426 2178 1480 6

154 1536 245 1589 que
272 1525 389 1578 erat
415 1525 479 1578 in
508 1524 725 1589 vicum,
759 1524 822 1579 in
853 1539 966 1593 quo
1001 1524 1245 1577 Darium
1275 1524 1497 1576 Bessus
1527 1521 2080 1591 comprehenderat.

154 1609 227 1663 lbi
253 1611 460 1680 Melon,
509 1612 672 1667 Darii
718 1614 1029 1686 interpreS,
1076 1613 1368 1683 excipitur
1411 1630 1423 1665 ε
1473 1626 1719 1683 corpore
1758 1626 1938 1682 aeger,
1973 1626 2090 1663 non
2144 1605 2176 1658 7

152 1702 391 1768 potuerat
439 1718 648 1774 agmen
685 1703 950 1773 assequi,
990 1705 1066 1766 et,
1122 1701 1534 1771 deprehensus
1566 1700 1863 1754 celeritate
1900 1699 2087 1769 regia,

150 1790 492 1861 transfugam
523 1807 586 1845 se
619 1807 751 1846 esse
782 1790 1125 1846 simulabat.
1181 1791 1272 1844 Ex
1314 1790 1425 1843 hoc
1456 1792 1584 1843 acta
1614 1788 1942 1860 cognoscit.
1976 1786 2090 1840 Sed

152 1875 388 1950 fatigatis
416 1879 758 1935 necessaria
810 1881 978 1952 quies
1017 1883 1163 1938 erat.
1214 1879 1412 1948 Itaque
1452 1879 1696 1933 delectis
1740 1877 2001 1946 equitum
2030 1892 2090 1928 vi
2147 1871 2181 1923 8

70 2031 71 2034 Ἰ
153 1966 389 2024 millibus
419 1986 544 2037 ccc,
575 1986 726 2040 quos
756 1969 1058 2025 dimachas
1079 1970 1101 1991 *
1130 1969 1525 2041 appellabant,
1560 1966 1832 2038 adjungit
1867 1983 1878 2018 :
1911 1964 2090 2019 dorso

154 2054 204 2108 hi
242 2060 515 2129 graviora
562 2075 725 2141 arma
771 2061 1106 2130 portabant,
1148 2063 1409 2113 ceterum
1453 2057 1621 2126 equis
1668 2055 2089 2109 vehebantur:

70 2145 73 2148 ’
154 2158 268 2206 cum
290 2163 387 2203 res
417 2148 704 2218 locusque
731 2150 1026 2219 posceret,
1061 2148 1355 2218 pedestris
1385 2147 1545 2200 acies
1574 2148 1718 2200 erat.

210 2235 342 2292 Haec
380 2240 656 2309 agentem
703 2238 1103 2292 Alexandrum
1148 2238 1363 2290 adeunt
1406 2234 1641 2289 Orsilos
1688 2236 1743 2287 et
1773 2232 2092 2286 Mithrace-
2149 2226 2183 2280 9

155 2339 280 2379 nes:
312 2327 483 2382 Bessi
512 2327 891 2397 parricidium
923 2327 1115 2391 exosi,
1140 2324 1607 2396 transfugerant,
1631 2322 2095 2391 nuntiabantque

159 2414 360 2471 stadia*
389 2434 425 2471 n
460 2418 673 2473 abesse
714 2417 954 2485 PersaS,
987 2417 1155 2485 ipsos
1191 2415 1441 2468 brevius
1483 2414 1596 2466 iter
1635 2412 2092 2466 monstraturos.

158 2500 344 2559 Gratus
373 2508 504 2578 regi
535 2506 823 2561 adventus
853 2504 1298 2574 transfugarum
1328 2503 1457 2556 fuit.
1492 2503 1715 2572 Itaque,
1751 2500 1941 2570 prima
1968 2514 2099 2553 ves·
2155 2491 2223 2548 10

158 2604 273 2659 pera
292 2596 331 2663 *,
362 2595 613 2649 ducibus
642 2595 881 2661 isdem⁷,
914 2610 1046 2649 cum
1077 2592 1351 2662 expedita
1381 2591 1642 2661 equitum
1672 2605 1850 2643 manu
1890 2604 2098 2644 mons-

160 2840 224 2884 l'O.
251 2847 294 2886 et
314 2855 373 2886 au
401 2844 545 2887 S.-o.
581 2852 661 2895 par
685 2843 756 2884 les
786 2846 937 2884 monts
967 2845 1133 2896 Zagros
1169 2846 1216 2885 et
1247 2839 1584 2883 Parachoatras
1626 2838 1796 2892 (monte
1825 2837 1885 2879 du
1919 2836 2101 2880 Kurdis-

162 2906 222 2945 lan
240 2911 446 2949 etmonts
472 2904 753 2958 Louristan).
787 2904 947 2947 C'etait
976 2916 1037 2947 un
1062 2915 1173 2957 pays
1189 2903 1357 2957 peuple
1377 2906 1423 2944 et
1451 2913 1582 2944 assez
1611 2900 1779 2943 fertile.
1806 2901 1865 2943 Sa
1907 2900 2104 2952 capitale

162 2963 514 3011 etaitEcbatane.
538 2990 592 2998 —
621 2965 782 3010 Situee
801 2978 906 3010 vers
932 2968 975 3009 le
1016 2966 1176 3008 millen
1204 2966 1261 3008 dc
1287 2966 1486 3019 l'espace
1510 2964 1709 3016 compris
1735 2967 1866 3005 entre
1895 2962 1939 3005 le
1981 2961 2104 3015 goll'e

160 3027 354 3084 versique
372 3036 419 3074 et
439 3031 483 3073 la
510 3030 786 3083 caspienne,
812 3029 1047 3072 Ecbatana
1076 3027 1387 3070 commandait
1423 3028 1492 3069 les
1523 3030 1680 3069 routes
1706 3024 1787 3079 qui
1824 3035 1873 3066 se
1902 3024 2105 3078 dirigent

165 3088 213 3131 du
225 3095 339 3136 Ν.-Ε.
365 3104 474 3136 vers
494 3094 540 3135 16
573 3091 921 3147 Mesopotamia.
950 3093 984 3133 ll
1007 3101 1066 3134 ne
1092 3096 1214 3133 reste
1243 3092 1350 3142 plus
1375 3088 1431 3131 de
1462 3095 1583 3132 cette
1604 3088 1712 3131 ville
1736 3098 1826 3142 que
1861 3087 1943 3131 des
1978 3098 2106 3130 arnas

160 3150 208 3194 de
229 3154 510 3200 decembres.

206 3220 246 3259 4.
278 3218 429 3274 Tabas,
456 3218 754 3262 Paraetacene.
782 3221 840 3260 La
870 3217 1145 3261 Paraetacene
1169 3216 1282 3259 etait
1303 3228 1365 3259 un
1386 3217 1502 3269 petit
1529 3215 1715 3258 district
1738 3219 1869 3256 entre
1898 3212 1942 3255 la
1971 3216 2108 3256 Perse

170 3280 205 3318 et
227 3279 267 3320 la
290 3281 451 3326 Medic.
478 3304 532 3313 -
563 3281 688 3324 Tabae
711 3279 823 3324 etait
842 3291 923 3323 sur
948 3279 1016 3323 les
1036 3277 1287 3322 frontieres
1315 3279 1428 3322 dela
1447 3278 1609 3322 Medie.
1630 3300 1684 3309 —
1707 3276 1848 3330 Apres
1866 3277 1994 3318 avoir
2010 3286 2108 3329 par·

173 3348 291 3383 couru
314 3345 353 3386 16
372 3342 676 3398 Paraetacene,
692 3342 951 3386 Alexandro
967 3346 1097 3385 entre
1119 3353 1175 3384 en
1195 3341 1362 3384 Medic.
1389 3341 1576 3397 D'apres
1594 3340 1665 3384 les
1684 3346 1843 3382 autres
1860 3338 2109 3381 historiens

176 3398 207 3441 le
232 3406 290 3446 roi
312 3407 455 3448 aurait
474 3407 611 3462 passe
639 3417 719 3459 par
742 3405 989 3448 Ecbatana.

215 3467 255 3508 5.
288 3468 405 3520 Ipsos
421 3473 619 3524 parator.
646 3472 715 3512 on
741 3467 899 3510 attend
927 3479 993 3519 se,
1012 3477 1192 3510 comme
1212 3468 1319 3522 plus
1347 3466 1432 3512 bas
1454 3466 1573 3523 ipsos
1591 3467 1913 3510 monstraturos
1934 3463 1971 3518 (ἓ
1993 3462 2055 3516 9).

219 3535 258 3573 6.
291 3530 452 3586 ltaque,
481 3531 706 3575 entendez
730 3534 774 3574 et
803 3531 885 3575 ita.

221 3589 262 3631 'l-
293 3593 438 3638 Isdem.
467 3599 526 3639 Le
547 3605 735 3650 pronom
765 3594 880 3638 idem
898 3593 980 3637 fait
1009 3593 1373 3637 ordinairement
1394 3605 1454 3636 au
1482 3591 1601 3635 datis
1616 3595 1661 3632 et
1681 3587 1920 3631 al'ablatif
1942 3584 2109 3640 pluriel
