2517 3975
553 235 968 276 ammanium
1004 235 1335 275 AnaxANom
1372 237 1453 290 w,
1492 236 1575 273 w.
1955 214 2061 270 185

145 340 241 396 Sed
274 343 544 413 Nicanor,
572 344 989 400 Parmenionis
1031 344 1211 412 filius,
1264 344 1461 399 subita
1496 345 1685 397 morte
1732 342 2062 412 correptus,

142 447 330 502 magno
388 435 674 489 desiderio
726 435 821 489 sui
866 434 1149 488 affecerat
1194 436 1461 488 cunctos,
1509 433 1638 488 Rex
1675 436 1809 486 ante
1858 445 2066 485 omnes
2119 429 2189 483 19

140 525 352 576 maestus
379 523 640 592 cupiebat
668 524 905 593 quidem
947 524 1299 590 subsistere,
1331 523 1525 577 funeri
1549 522 1569 542 *
1598 521 1925 587 adfuturus,
1959 520 2072 574 sed·

139 611 356 677 penuria
409 616 833 666 commeatuum
885 610 1160 666 festinare
1217 611 1485 682 cogebat.
1541 611 1742 680 Itaque
1798 608 2065 662 Philotas

138 713 249 751 cum
275 699 500 755 duobus
524 699 792 754 millibus
833 704 892 755 et
919 716 993 753 nc
1030 700 1298 763 relictuS‚
1343 703 1408 754 ut
1450 699 1674 770 ‘justa'⁸
1714 696 1887 752 fratri
1923 712 2064 766 per·

140 786 366 843 solveret
404 806 418 843 :
449 790 582 859 ipse
610 790 914 844 contendit
941 789 1015 843 ad
1044 788 1319 844 Bessum.

191 874 296 929 Iter
337 875 577 933 facienti
616 878 673 932 ei
712 877 926 932 litterae
972 875 1303 932 afferuntur
1340 876 1436 930 a¹⁴
1474 875 1743 930 finitimis
1793 878 2067 945 satrapa-
2119 872 2193 926 20

134 964 360 1034 mmm,
390 982 424 1020 e
454 967 671 1036 quibus
721 968 1032 1038 cognoscit
1066 965 1323 1021 Bessum
1359 964 1595 1034 quidem
1634 964 1829 1019 hostili
1865 965 2065 1018 animo

133 1066 416 1109 occurrere
443 1070 579 1109 cum
627 1055 910 1120 exercitu,
961 1056 1223 1109 ceterum
1259 1052 1704 1118 Satibarzanen,
1748 1067 1924 1123 quem
1963 1067 2065 1106 sa-

133 1142 322 1210 trapeae
373 1143 714 1198 Ariorum'⁸
757 1145 892 1213 ipse
938 1141 1309 1214 praefecisset
1324 1142 1387 1207 ⁸⁷,
1436 1140 1727 1196 defecisse
1779 1139 1853 1195 ab
1910 1156 1981 1195 eo
2001 1140 2063 1196 ²⁸.

74 1282 75 1285 ,
132 1225 325 1300 Itaque,
373 1247 728 1304 quamquam
772 1231 964 1287 Besso
1009 1231 1371 1302 imminebat,
1415 1233 1610 1284 tamen
1647 1229 2066 1285 Satibarzanen
2117 1226 2184 1281 21

132 1320 545 1388 opprimendum
608 1322 890 1391 praeverti
924 1321 966 1348 ¹⁹
1020 1320 1308 1392 optimum
1362 1323 1529 1373 ratus
1548 1359 1565 1385 ,
1619 1318 1816 1374 levem
1871 1335 2066 1373 arma-

131 1409 351 1463 turam'0
376 1408 400 1432 *
447 1412 510 1465 et
563 1413 873 1480 equestres
922 1410 1128 1479 copias
1179 1409 1394 1473 educit,
1448 1411 1689 1478 totaque
1745 1410 1917 1462 nocte
1968 1407 2071 1461 iti-

130 1510 249 1551 nere
283 1502 526 1554 strenue
560 1498 732 1568 facte,
765 1498 1133 1570 improvisus
1161 1498 1317 1552 hosti
1345 1496 1710 1567 supervenit.
1742 1495 1931 1567 Cujus
1968 1512 2066 1552 co·
2122 1492 2193 1546 22

130 1585 265 1657 gnito
292 1588 574 1654 adventu,
614 1587 1027 1642 Safibarzaries
1057 1601 1192 1641 cum
1244 1585 1482 1641 duobus
1508 1585 1771 1640 millibus
1809 1585 2067 1654 equitum

128 1690 304 1730 -nec
329 1677 536 1747 plures
566 1676 764 1731 subito
795 1675 1063 1730 contrahi
1106 1677 1377 1745 poterant
1414 1704 1486 1718 —
1529 1675 1739 1729 Bactra
1778 1673 2066 1745 perfugit,

129 1766 282 1818 ceteri
306 1766 622 1835 proximos
660 1768 893 1820 montes
925 1767 1386 1834 occupaverunt.

186 1853 480 1925 Praerupta
519 1869 702 1924 rupes
722 1854 760 1882 ³¹
801 1856 912 1921 est,
953 1870 1063 1925 qua
1110 1856 1337 1924 spectat
1382 1854 1746 1909 occidentem
1784 1871 1798 1907 :
1840 1852 2066 1918 eadem,
2123 1848 2195 1903 23

166 2070 228 2113 23.
257 2067 400 2117 Iusta.
426 2067 507 2114 cf.
541 2079 601 2111 au
619 2067 931 2120 vocabulaire,
950 2066 1117 2110 Funus.

164 2133 227 2176 2⁴.
257 2132 307 2184 A,
335 2132 394 2175 de
417 2133 464 2174 la
495 2135 599 2184 part
625 2129 702 2174 de.

164 2193 228 2237 25.
256 2193 496 2237 Finitimie
520 2194 814 2246 satraparum.
860 2191 1069 2247 Adjectit‘
1102 2202 1219 2236 avec
1240 2203 1307 2235 un
1335 2190 1501 2245 genitis
1539 2189 1738 2244 partitis.
1771 2188 1843 2235 cf.
1891 2191 1964 2242 111,
1986 2200 2071 2239 vn,

125 2259 213 2297 note
225 2259 294 2300 1¹.

163 2316 227 2358 m.
256 2317 481 2370 Ariorum,
514 2318 585 2360 les
607 2315 850 2361 habitante
878 2316 937 2360 de
949 2316 1113 2359 l’Arie.
1140 2315 1309 2366 L'Arie,
1335 2314 1562 2369 provinca
1594 2314 1653 2358 de
1673 2313 1882 2368 l’empire
1914 2322 2070 2367 perse,
2145 2318 2162 2333 ⁹

125 2374 341 2423 s’etendait
359 2385 498 2424 entre
528 2380 574 2422 la
595 2380 847 2434 Margiane,
876 2391 935 2423 au
960 2382 1038 2432 N„
1059 2380 1106 2421 la
1133 2377 1388 2431 Parthyene
1408 2377 1435 2420 a
1452 2377 1564 2430 1Ὀ.,
1577 2378 1624 2419 18
1650 2376 1909 2431 Drangiane
1928 2387 1990 2420 au
2006 2376 2071 2426 S..

123 2441 161 2479 et
196 2439 259 2484 les
297 2440 684 2497 Paropamisades
712 2440 740 2484 a
788 2442 872 2487 ΙἘ.
904 2443 1005 2485 Elle
1034 2445 1108 2485 est
1157 2439 1344 2484 arrosee
1395 2451 1479 2494 par
1525 2439 1720 2483 l’Aroios
1748 2438 2071 2493 (aujourd’hui

124 2501 335 2547 ueri-roua
358 2516 420 2549 ou
446 2502 622 2547 riviere
648 2503 706 2547 de
730 2502 905 2558 flerat),
934 2504 1016 2558 qui
1044 2502 1181 2546 coule
1212 2501 1398 2545 d'abord
1415 2514 1476 2545 au
1498 2503 1633 2546 S.-0.
1663 2506 1711 2545 et
1741 2500 1769 2543 a
1794 2501 1906 2554 1Ὀ.,
1925 2506 1973 2543 et
1990 2500 2070 2555 qui

124 2565 295 2620 ensuite,
323 2578 375 2610 se
404 2567 627 2610 heurtant
656 2572 818 2610 contre
846 2567 915 2609 les
935 2570 1206 2619 montagnes
1224 2565 1282 2609 de
1312 2566 1358 2607 la
1385 2569 1540 2613 Perse,
1563 2568 1636 2608 est
1657 2563 1802 2618 talete
1816 2574 1920 2607 vers
1947 2562 1992 2607 18
2011 2566 2067 2607 N.

123 2629 159 2666 et
181 2627 375 2673 descend
404 2629 523 2672 dans
552 2629 621 2672 les
649 2628 832 2684 plaines
858 2628 923 2672 du
950 2629 1208 2672 Turkestan
1240 2637 1358 2681 pour
1382 2626 1658 2682 disparata-e
1686 2626 1800 2671 dans
1828 2627 1900 2669 les
1916 2624 2073 2669 sables

124 2696 213 2731 sous
240 2691 283 2735 18
309 2703 419 2735 nom
463 2692 685 2735 moderne
712 2689 770 2734 de
799 2690 990 2745 TedJ‘en.
1020 2692 1152 2735 Cette
1175 2688 1328 2734 vallea
1374 2689 1559 2733 fluviale
1590 2693 1660 2732 est
1683 2688 1811 2732 riche
1837 2698 1896 2731 en
1929 2687 2072 2732 truite

121 2752 161 2791 et
184 2762 239 2796 en
264 2754 384 2798 vias.
1220 2791 1231 2801 .

160 2813 227 2862 m.
258 2815 561 2870 Praesecissct,
589 2814 851 2870 subjunctis
866 2814 893 2859 8
916 2826 1060 2860 cause
1079 2814 1146 2858 du
1175 2816 1298 2869 style
1324 2814 1549 2861 indirect.
1583 2813 1656 2858 Cf.
1689 2815 1760 2863 111,
1781 2823 1834 2864 11,
1853 2817 1964 2858 note
1991 2816 2065 2859 2⁸1.

160 2877 226 2921 28.
258 2877 339 2934 Eo,
368 2889 430 2922 on
455 2877 618 2922 attend
645 2890 714 2924 se.

161 2940 228 2983 29.
257 2939 495 2991 Pam-ti,
515 2939 760 2995 deponent,
784 2952 834 2984 re
868 2944 1048 2984 tom-ner
1075 2943 1171 2984 tout
1199 2939 1377 2984 d'abora
1412 2950 1528 2994 vers,
1566 2938 1684 2993 faire
1706 2938 1759 2982 do
1793 2937 2073 2994 preference,

118 3009 164 3063 88
186 3002 413 3047 construit
447 3014 561 3045 avec
589 3001 636 3046 le
659 3003 793 3058 datis,
821 3002 1096 3056 l'aocusatif,
1114 3013 1175 3046 ou
1203 3002 1275 3046 les
1315 3002 1629 3056 prepositions
1658 3002 1721 3055 in,
1745 3001 1820 3044 ad.
1859 3001 1976 3044 Huic
2003 3002 2074 3044 rei

117 3064 445 3114 revertendum
473 3064 751 3108 existimavit
773 3066 936 3120 (caes.‚
954 3065 1075 3110 Bell.
1109 3064 1254 3119 Gall„
1278 3068 1365 3120 Vll,
1380 3065 1471 3118 33).
1499 3063 1728 3119 Coactique
1748 3062 1847 3106 novi
1869 3064 2074 3107 conantes

121 3125 292 3168 omibus
317 3136 416 3170 eam
444 3137 537 3178 rem
559 3127 793 3181 praeverti,
826 3127 1190 3183 proficiscuntur.
1234 3126 1399 3170 Forces
1444 3126 1823 3180 d’entreprendre
1846 3125 1945 3169 cela
1971 3130 2075 3170 tout

120 3184 281 3231 d'abord
309 3189 385 3243 (T.
421 3187 550 3240 Lim,
581 3192 686 3242 Vm,
715 3190 809 3245 13).
843 3190 899 3234 Si
923 3189 1086 3244 quando
1114 3188 1169 3231 aa
1191 3188 1369 3232 interna
1387 3191 1731 3243 praeverterent.
1763 3187 1868 3231 S’ils
1894 3188 2073 3232 s'occu-

119 3247 257 3299 paient
280 3249 450 3304 jamais
472 3250 554 3294 des
576 3250 874 3296 &venements
901 3251 1155 3295 interieurs
1200 3252 1351 3306 (Tam,
1381 3252 1524 3302 Ana„
1553 3254 1624 3302 lv,
1653 3251 1748 3307 32).
1782 3249 1943 3293 Hostes
1965 3261 2067 3305 pro-

121 3310 216 3362 fecto
241 3312 320 3355 abi
357 3312 408 3355 ia
436 3312 648 3364 viderint,
676 3313 954 3367 fortissimas
991 3313 1178 3368 quisque
1206 3314 1263 3356 aa
1291 3314 1601 3356 occursandum
1634 3312 1997 3367 puynandumque
2023 3312 2072 3354 in

124 3381 180 3413 ιω
200 3377 521 3426 praevertentur
545 3375 678 3429 (Aula
704 3375 845 3430 Gella,
875 3379 949 3432 111,
970 3378 1036 3431 7).
1069 3397 1123 3407 -—
1147 3375 1443 3419 Consti-uisas
1472 3392 1481 3418 :
1501 3375 1639 3419 Ratae
1652 3385 1702 3419 ae
1715 3374 1926 3429 praeverti
1950 3373 2071 3418 Sati-

124 3430 317 3479 barzanen
340 3436 670 3490 opprimendum
698 3438 910 3492 optimum
939 3435 1093 3492 (esee).

163 3498 228 3540 30.
258 3496 417 3542 Levem
438 3502 718 3553 armaturam,
743 3500 788 3543 le
819 3499 1080 3554 subjonctir
1103 3498 1297 3543 abstrait
1315 3510 1433 3554 pour
1457 3501 1631 3544 milites
1665 3498 1827 3543 leviter
1851 3498 2069 3539 armatos.

164 3561 227 3603 81.
259 3559 406 3615 Rupes
436 3564 519 3617 eet,
540 3560 710 3616 ellipse
732 3561 790 3605 de
811 3562 896 3608 ibi.
