2517 3975
607 249 994 288 msromAmJu
1034 250 1364 288 ΑιΕΧΑΝῡηι
1402 248 1482 299 vl,
1523 249 1606 285 111.
1986 230 2081 285 171

159 355 270 424 huS‚
301 360 358 412 et
389 357 483 429 qui
510 361 836 428 praesentes
884 361 1167 429 metuunt,
1217 359 1281 413 in
1311 358 1577 412 absentia
1595 356 1634 383 ¹⁰
1662 355 1864 411 hostes
1893 360 2083 413 erunt.

157 443 282 498 Cum
310 445 450 500 feris
479 447 683 501 bestiis
705 463 802 503 res
832 451 942 517 est,
965 463 1114 519 quas
1141 451 1343 517 captas
1373 449 1429 500 et
1449 446 1732 513 inclusae,
1764 445 1901 516 quia
1927 445 2087 515 ipsa-

156 548 268 587 rum
294 538 495 590 natura
522 551 641 590 non
670 538 883 607 potest,
930 536 1170 609 longior
1197 535 1327 591 dies
1355 535 1605 606 mitigat.

212 621 277 677 Et
310 623 491 679 adhuc
532 626 619 680 sio
649 641 759 697 ago
795 627 852 695 ¹¹,
886 633 1178 696 tamquam
1227 626 1424 680 omnia
1453 626 1695 679 subacta
1733 625 1854 679 sint
1880 625 2084 696 armiS‚

156 727 265 782 quae
293 713 520 769 suerunt
548 714 609 768 in
637 714 871 770 dicione
900 715 1085 769 Darii.
1120 715 1476 785 Hyrcaniam
1507 713 1883 768 Nabarzanes
1913 728 2087 768 ooou-

155 802 334 866 pavit:
376 802 589 856 Baetra
633 817 751 856 non
788 803 1057 871 possidet
1103 803 1296 858 solum
1349 801 1642 872 parricida
1689 800 1935 865 Bessus,
1983 800 2088 855 sed

157 889 309 944 etiam
352 891 487 946 inde
536 891 824 946 minatur:
875 890 1179 964 Sogdiani,
1240 891 1441 957 Dahae,
1489 892 1852 961 Massagetae,
1901 888 2104 966 Saoae„

157 978 266 1032 Indi
294 980 386 1035 sui
409 980 572 1053 juris
591 981 630 1009 ¹²
660 989 816 1037 sunt.
840 980 1056 1035 Omnes
1080 981 1161 1048 hi,
1193 980 1370 1035 simul
1398 984 1563 1051 terga
1584 983 1787 1034 nostra
1810 979 2084 1046 viderint,

154 1065 268 1121 illos
303 1074 625 1140 sequentur
658 1088 669 1123 ε
714 1070 797 1124 illi
842 1070 995 1124 enim
1035 1069 1302 1140 ejusdem
1330 1068 1584 1124 nationis
1613 1071 1771 1136 sunt,
1804 1083 1915 1122 nos
1943 1067 2084 1121 alie-

153 1152 358 1225 nigenae
388 1162 447 1212 et
476 1158 721 1212 externi.
747 1157 889 1212 Suis
905 1158 1149 1229 quisque
1178 1160 1373 1211 autem
1400 1155 1689 1227 placidius
1704 1158 1891 1225 paret,
1914 1156 2085 1210 etiam

152 1258 263 1299 eum
291 1246 343 1300 is
370 1251 611 1316 praeest,
648 1247 751 1318 qui
790 1247 980 1318 magis
1008 1246 1203 1301 timeri
1233 1249 1455 1317 potest.
1495 1245 1771 1314 Proinde,
1805 1249 1921 1314 aut,
1953 1260 2085 1315 quae

151 1333 406 1406 camnine,
435 1336 758 1391 omittenda
779 1338 938 1402 sunt,
964 1339 1080 1402 aut,
1102 1351 1232 1406 quae
1252 1351 1373 1390 non
1399 1335 1701 1400 habemuS,
1725 1334 2081 1404 occupanda.

149 1419 288 1478 Siout
313 1427 373 1479 in
405 1424 761 1495 corporibus
793 1425 998 1497 negt-ie,
1020 1425 1258 1494 militeS,
1290 1425 1434 1478 nihil
1463 1424 1616 1495 quod
1636 1423 1966 1479 nociturum
1995 1425 2086 1476 est

148 1513 332 1569 medici
365 1515 729 1586 relinquunt,
780 1516 869 1570 sio
914 1529 1042 1582 nos,
1086 1513 1368 1585 quidquid
1406 1514 1598 1569 obstat
1626 1512 1899 1583 imperio,
1928 1513 2084 1568 reoi-

62 1618 65 1629 ’
148 1599 352 1660 damus,
391 1603 588 1659 Parva
618 1619 779 1675 saepe
828 1604 1084 1659 scintilla
1128 1607 1463 1674 contempta
1490 1618 1767 1672 magnum
1809 1601 2086 1656 excitavit

146 1689 490 1750 incendium.
528 1692 626 1747 Nil
656 1696 781 1748 tuto
830 1694 893 1747 in
932 1693 1100 1748 hoste
1149 1692 1474 1762 despicitur
1507 1710 1519 1748 :
1551 1707 1719 1763 quem
1751 1692 2080 1763 spreveris,

147 1781 513 1837 valentiorem
542 1783 909 1853 negligentia
940 1782 1143 1836 facias·

203 1869 282 1924 Ne
321 1870 537 1925 Darius
565 1871 802 1942 quidem
840 1871 1264 1926 hereditarium
1294 1872 1606 1926 Persarum
1645 1872 1867 1941 aooepit
1900 1871 2085 1941 impe-

146 1956 290 2028 rium,
334 1959 440 2014 sed
478 1959 540 2012 in
579 1957 784 2014 sedem
820 1958 956 2030 Cyri
994 1958 1281 2014 beneficio
1321 1960 1537 2030 Bagoae
1559 1959 1599 1988 ¹⁸
1630 1958 1920 2014 admissus
1955 1976 1966 2011 ε
2010 1974 2084 2014 ne

144 2062 239 2102 vos
262 2063 479 2118 magno
521 2048 723 2103 labore
760 2049 1015 2103 credatis
1057 2050 1309 2104 Bessum
1348 2064 1594 2102 vacuum
1628 2063 1875 2118 regnum
1916 2063 2085 2102 oceu-

144 2142 408 2205 paturum.
441 2139 569 2193 Nos
610 2154 753 2192 vero
792 2139 1188 2208 peccavimu5‚
1222 2139 1465 2201 militeS,
1497 2138 1549 2191 si
1593 2138 1828 2191 Darium
1862 2137 1936 2192 oh
1975 2137 2085 2192 hoo

145 2226 396 2293 vicimus,
436 2234 499 2282 ut
520 2243 697 2282 servo
727 2228 859 2298 ejus
896 2227 1258 2282 traderemus
1284 2227 1620 2297 imperium,
1652 2227 1776 2298 qui,
1819 2227 2084 2281 ultimum

144 2329 306 2370 ausus
349 2317 567 2387 scelus,
615 2332 818 2388 regem
862 2332 1055 2386 suum,
1097 2317 1272 2370 etiam
1316 2319 1575 2370 externae
1614 2317 1747 2385 opis
1789 2318 2081 2386 egentem,

142 2408 282 2460 certe
328 2407 423 2459 oui
467 2421 581 2461 nos
619 2406 879 2460 victores
925 2406 1420 2476 pepercissemus,
1464 2406 1637 2477 quasi
1681 2404 1979 2475 captivum
2024 2406 2083 2460 in

142 2493 380 2548 vinculis
409 2494 632 2562 habuit,
665 2494 737 2549 ad
765 2495 1054 2565 ultimum,
1088 2510 1164 2549 ne
1198 2510 1230 2547 a
1270 2494 1448 2549 nobis
1477 2495 1828 2549 conservari
1858 2497 2083 2564 posset,

143 2582 354 2637 oceidit.
383 2585 551 2638 Huno
577 2601 689 2639 vos
720 2598 974 2654 regnare
1006 2584 1360 2653 patiemini?
1385 2598 1556 2652 quem
1588 2584 1860 2654 equidem
1890 2572 2086 2639 ornei*

142 2669 369 2727 affixum
412 2673 619 2728 videre
666 2672 902 2743 festine,
955 2672 1230 2727 omnihus
1284 2672 1530 2743 regibus
1585 2673 1971 2744 gentibusque
2029 2680 2086 2730 et

142 2758 310 2830 Fidei,
355 2778 530 2833 quam
573 2762 836 2833 violavit,
879 2762 1123 2817 meritas
1168 2777 1378 2831 poenas
1417 2762 1779 2816 solventem!
1829 2764 1903 2816 At
1945 2763 2083 2818 her-

143 2849 278 2914 oule,
325 2853 378 2906 si
426 2868 563 2906 mox
593 2852 837 2907 eundem
865 2851 906 2879 ¹⁴
932 2850 1270 2907 Graeoorum
1299 2849 1482 2904 urbes
1512 2854 1612 2905 aut
1640 2851 2084 2922 Hellespontum

190 3026 249 3070 10.
277 3028 504 3073 Entendez
533 3028 582 3071 in
608 3029 807 3071 absentia
834 3032 1008 3072 nostra.

188 3089 251 3134 11.
283 3091 370 3143 Aoo
385 3092 532 3146 prend
560 3090 848 3146 quelquefois
870 3091 916 3134 le
946 3101 1054 3134 sens
1082 3090 1139 3134 de
1164 3091 1287 3144 faire
1301 3090 1485 3145 quelque
1496 3089 1623 3134 chose
1641 3102 1693 3134 en
1718 3091 1896 3146 parlant
1920 3103 1937 3135 .·
1964 3090 2085 3134 ainsi

142 3148 241 3251 gans
271 3153 312 3194 la
354 3156 558 3197 locution
588 3164 719 3208 avere
745 3153 940 3207 oratius,
976 3155 1009 3195 n
1035 3165 1061 3195 a
1089 3153 1149 3196 ici
1177 3158 1302 3196 cette
1335 3153 1579 3207 acception
1608 3160 1655 3197 et
1683 3158 1757 3197 est
1784 3152 2086 3207 l'equivalent

170 3221 193 3254 e
211 3213 309 3267 dico,
332 3216 502 3271 loquor.

189 3275 252 3319 12.
283 3277 513 3330 suijuris,
543 3277 713 3332 genitis
727 3279 782 3321 de
810 3278 1096 3333 possession.
1130 3277 1202 3322 cf.
1230 3278 1300 3331 lv,
1333 3289 1395 3330 ιν,
1420 3284 1528 3321 note
1557 3281 1630 3324 18.

189 3335 249 3381 13.
282 3340 453 3394 Baqoas
473 3348 546 3385 est
561 3347 635 3384 cet
659 3353 873 3396 eunuque
900 3341 976 3395 qui
1005 3341 1308 3396 empoisonna
1335 3341 1613 3385 Artaxerxes
1639 3345 1692 3383 ΙΙΙ
1720 3341 1874 3386 Ochus
1904 3344 1951 3383 et
1979 3345 2084 3382 tous

146 3407 209 3440 ses
233 3403 406 3447 ensants
433 3403 497 3458 (le
535 3406 640 3458 plus
666 3404 823 3458 jeune,
846 3403 998 3454 Arses,
1041 3403 1112 3446 fut
1140 3404 1207 3446 roi
1246 3403 1477 3458 quelques
1508 3403 1741 3458 instants),
1764 3409 1811 3447 et
1854 3403 1987 3445 eleva
2024 3410 2083 3442 au

147 3460 255 3507 trOne
274 3468 456 3510 Darius.
492 3467 750 3509 Mecontent
778 3467 835 3509 de
864 3477 948 3509 son
969 3465 1174 3520 protege,
1206 3467 1235 3508 il
1268 3477 1439 3520 essaya
1472 3466 1600 3509 aussi
1628 3466 1685 3511 de
1713 3465 2081 3518 l'empoisonner,

150 3526 240 3567 mais
266 3531 422 3573 Darius
448 3532 493 3573 le
513 3529 640 3584 force
669 3529 834 3572 aboire
861 3527 1165 3572 lui-memele
1185 3529 1370 3581 poison.

189 3588 249 3632 14.
281 3590 493 3636 Eundem.
529 3591 600 3637 cf.
628 3592 698 3646 Vl,
726 3601 772 3644 n,
802 3596 908 3634 note
930 3595 1003 3636 31.

2143 967 2212 1021 10

2143 1233 2203 1287 11

2142 2125 2210 2179 13

2142 2571 2209 2627 14

2142 2752 2210 2805 15
