2517 3975
287 455 357 511 18

415 242 519 298 304
1175 256 1228 299 Q·
1269 255 1442 294 cun-n
1479 256 1614 293 mm

415 378 585 431 usne,
631 384 653 409 «
691 360 976 432 gratulari
1020 376 1086 415 se
1115 361 1454 415 Alexandro
1501 362 1651 415 dixit
1674 363 1835 433 quod
1867 362 2075 416 saltem
2113 362 2175 414 in
2209 361 2360 415 India
2443 393 2444 398 κ

411 450 776 522 repperisset
796 449 1037 522 dignum
1067 448 1336 504 talentis*
1356 449 1515 503 mille
1542 472 1590 503 ».
1617 452 1769 518 Rex,
1791 450 1943 503 haud
1965 438 2185 503 oblitus
2205 465 2360 519 quam

413 553 574 609 aegre
603 538 838 592 tulisset
865 537 1020 606 quod
1048 537 1264 591 Clitum
1292 536 1366 590 ob
1384 536 1606 609 linguae
1631 539 2014 592 temeritatem
2040 537 2356 606 occidisset,

409 629 560 682 iram
590 627 824 697 quidem
852 628 1057 693 tenuit,
1094 627 1199 681 sed
1229 626 1383 679 dixit
1415 648 1437 674 «
1471 628 1711 682 invidos
1740 628 2015 682 homines
2049 627 2196 682 nihil
2222 626 2355 680 aliud

411 733 586 789 quam
614 719 880 789 ipsorum
918 732 1054 772 esse
1085 720 1374 771 tormenta
1410 738 1461 767 ι».

1177 967 1431 1022 CAPUT
1469 967 1609 1022 XIII

677 1114 874 1164 Guerre
907 1121 1086 1165 contre
1121 1115 1311 1165 Porus·
1341 1142 1403 1151 —
1436 1116 1668 1180 Passage
1703 1117 1765 1166 de
1798 1117 2108 1180 l'Hydaspe.

1164 1246 1466 1303 (Printemps,
1492 1247 1619 1302 326.)

481 1399 731 1454 Postero
762 1398 878 1463 die,
910 1397 1091 1468 legati
1136 1397 1406 1452 Abisarae
1438 1398 1635 1454 adiere
1665 1414 1894 1469 regem.
1924 1398 2135 1454 Omnia
2159 1397 2350 1453 dicioni

411 1488 564 1560 ejus,
598 1489 678 1541 ita
708 1489 770 1541 ut
807 1487 1141 1540 mandatum
1182 1489 1328 1553 erat,
1368 1486 1807 1556 permittebant,
1841 1488 2183 1559 firmataque
2219 1486 2348 1540 invi-

409 1593 535 1633 cem
564 1575 702 1646 fide,
749 1575 1126 1629 remittuntur
1149 1575 1221 1628 ad
1251 1575 1504 1647 regem¹.
1554 1575 1773 1629 Porum
1825 1591 2062 1647 quoque
2115 1575 2349 1630 nominis

411 1666 505 1721 sui
540 1663 694 1718 fama
722 1666 887 1717 ratus
916 1663 989 1717 ad
1021 1662 1381 1717 deditionem
1413 1678 1591 1732 posse
1632 1663 1924 1733 compelli,
1951 1665 2115 1718 misit
2138 1663 2207 1717 ad
2233 1677 2347 1717 eum

406 1751 793 1818 Cleocharen,
843 1750 942 1822 qui
990 1750 1364 1804 denuntiaret
1401 1751 1457 1805 ei
1484 1753 1550 1804 ut
1580 1750 1939 1821 stipendium
1971 1751 2266 1821 penderet,
2301 1750 2344 1802 et

406 1842 469 1895 in
497 1839 691 1911 primo
720 1853 968 1892 suorum
1013 1837 1219 1893 finium
1250 1838 1411 1893 aditu
1451 1841 1788 1893 occurreret
1817 1840 1971 1911 regi.
2009 1840 2199 1895 Porus
2223 1838 2343 1891 alte-

406 1945 535 1986 rum
582 1943 650 1982 ex
696 1927 791 1981 his'
840 1926 1129 1981 facturum
1177 1943 1311 1981 sese
1359 1928 1691 1999 respondit,
1732 1932 1794 1981 ut
1839 1928 2084 1983 intranti
2122 1940 2338 2000 regnum

408 2033 584 2074 suum
610 2019 827 2088 praesto
858 2020 1038 2085 esset,
1069 2015 1175 2070 sed
1195 2028 1475 2070 armatus,
1504 2016 1632 2070 Jam
1658 2017 2009 2088 Hydaspen’
2038 2016 2339 2073 Alexander

406 2121 692 2178 superare
730 2106 1095 2171 decreverat,
1130 2121 1264 2159 cum
1312 2105 1689 2171 BarzaenteS,
1735 2105 2088 2161 defectionis
2116 2105 2339 2159 Aracho-

405 2198 516 2252 siis
547 2195 801 2261 auctor⁸,
834 2195 1092 2264 vinctae,
1123 2194 1481 2265 trigintaque
1523 2194 1821 2264 elephanti
1860 2195 2038 2249 simul
2062 2195 2210 2266 capti
2234 2207 2338 2263 per·

406 2286 722 2350 ducuntur,
772 2286 1172 2354 opportunum
1220 2283 1505 2336 adversus
1549 2282 1730 2336 Indos
1772 2284 2097 2350 auxilium,
2156 2283 2338 2353 quippe

405 2375 543 2445 plus
576 2374 633 2428 in
686 2373 880 2428 beluis
919 2388 1093 2443 quam
1141 2373 1203 2425 in
1247 2373 1511 2427 exercitu
1558 2373 1686 2443 spei
1725 2388 1790 2426 ac
1820 2375 2038 2427 virium
2075 2374 2191 2428 illis
2218 2372 2335 2426 erat.

407 2463 699 2519 Samaxus
728 2477 982 2532 quoque,
1006 2477 1113 2516 rex
1131 2462 1366 2532 exiguae
1393 2461 1582 2531 partis
1603 2462 1905 2530 Indorum,
1930 2464 2036 2533 qui
2067 2456 2339 2517 Barzaenti

407 2568 473 2608 se
503 2551 898 2623 conjunxerat,
924 2550 1160 2605 vinctus
1187 2549 1475 2604 adductus
1503 2553 1613 2605 est.

478 2641 679 2713 Igitur,
702 2639 1008 2711 transfuga
1036 2643 1094 2693 et
1113 2639 1322 2710 regulo
1353 2639 1413 2692 in
1445 2639 1794 2707 custodiam,
1821 2639 2149 2710 elephantis
2175 2641 2340 2694 autem

407 2730 594 2784 Taxili
642 2729 927 2798 traditis⁴,
979 2729 1045 2781 ad
1092 2742 1326 2782 amnem
1373 2727 1693 2798 Hydaspen
1731 2730 2046 2799 pervenit;
2093 2731 2151 2783 in
2196 2724 2341 2796 cujus

409 2820 686 2874 ulteriore
716 2820 843 2890 ripa
874 2819 1062 2873 Porus
1098 2819 1469 2885 consederat,
1505 2819 1757 2871 transitu
1805 2818 2208 2887 prohibiturus
2234 2816 2342 2868 hos⁶

407 2911 545 2962 tem.
577 2924 770 2963 cnxxx
799 2910 856 2962 et
897 2924 936 2959 v
980 2904 1323 2977 elephantos
1359 2905 1655 2976 objecerat
1685 2905 1904 2960 eximio
1932 2919 2239 2977 corporum
2262 2915 2341 2954 ro-

461 3078 573 3120 xlll.
607 3097 660 3105 -
688 3083 732 3121 4.
766 3074 834 3117 Ad
852 3084 996 3126 reqem
1015 3072 1287 3127 (Abisaren).

460 3137 505 3180 2.
539 3135 788 3190 Hydaspen,
817 3135 1057 3190 I’Hydaspe
1105 3131 1410 3190 (auiourd'hui
1444 3131 1674 3188 Djhilam)‚
1705 3145 1800 3178 une
1837 3134 1922 3177 des
1958 3135 2066 3190 cinq
2093 3132 2268 3177 rivieres
2291 3125 2340 3169 du

407 3198 643 3253 Pandjab;
678 3199 767 3241 elle
790 3203 999 3241 traverse
1029 3197 1074 3239 la
1113 3194 1257 3239 valles
1297 3195 1355 3239 de
1393 3194 1638 3238 Kaschmir
1679 3201 1727 3240 et
1769 3208 1820 3241 se
1844 3197 1962 3250 jette
1990 3197 2103 3241 dans
2144 3190 2340 3238 l’Acesinfl

407 3258 720 3314 (aujourd'hui
747 3259 981 3313 Tchinab).

461 3325 508 3363 3.
541 3320 728 3363 Auctor.
764 3320 836 3362 Cf.
870 3324 937 3369 lv,
971 3331 1038 3372 111,
1070 3325 1176 3363 note
1203 3320 1276 3363 29.
2238 3358 2242 3362 .

461 3387 507 3423 4.
544 3381 783 3431 Transmqa
810 3384 853 3421 et
883 3383 1052 3432 requio.
1069 3411 1107 3425 ..
1145 3383 1350 3426 traditis.
1384 3387 1586 3436 Zeugma
1614 3383 1699 3438 (cf.
1727 3386 1803 3437 111,
1836 3395 1901 3437 lv,
1935 3388 2042 3427 note
2068 3384 2157 3437 22„
2185 3372 2340 3423 traditis

406 3440 594 3482 modifle
619 3438 646 3480 a
671 3440 712 3480 la
736 3438 822 3480 fois
845 3440 890 3480 iu
918 3443 1158 3485 custodiam
1181 3453 1228 3487 et
1257 3445 1424 3489 Taxili.
1454 3445 1502 3488 In
1525 3445 1768 3489 custodiam
1797 3445 1998 3499 traditis,
2027 3448 2164 3499 ayant
2180 3440 2247 3486 ete
2267 3435 2340 3480 mi³

411 3501 695 3543 sousbonne
723 3500 884 3550 garde.
910 3524 962 3531 -
985 3502 1253 3555 Elephantis
1292 3506 1437 3550 Taxili
1466 3506 1668 3560 traditis,
1712 3507 1796 3551 des
1833 3506 2077 3561 elephants
2113 3506 2248 3559 ayant
2273 3494 2337 3541 et&

411 3559 555 3603 remis
584 3559 612 3602 ‘a
629 3559 789 3601 Taxile
811 3571 989 3605 comme
1009 3563 1206 3612 renfort.
