2517 3975
645 254 1034 294 msromamm
1073 255 1403 294 AnnxANnm
1439 256 1522 305 v1,
1560 257 1641 292 xt.
2019 242 2125 295 205

186 359 313 415 tium
340 363 399 416 et
427 362 619 417 civilis
647 361 884 416 habitus
903 362 920 389 ¹
947 361 1135 426 rudis,
1168 364 1344 416 vetus
1371 362 1568 431 mileS,
1600 361 1674 415 ab
1693 362 1903 415 humili
1921 363 2130 419 ordine

185 449 247 503 ad
273 466 402 504 eum
434 450 699 522 gradum,
734 451 797 504 in
841 466 950 521 quo
980 451 1118 503 tunc
1149 453 1291 516 erat,
1333 453 1644 520 promotus
1668 452 1684 474 ²
1724 470 1732 502 ·.
1778 454 1897 518 qui,
1941 462 2131 506 tuamne
2184 452 2220 504 2

182 537 328 592 tibus
382 539 618 606 ceteris,
651 538 866 592 stolida
903 537 1146 591 audacia
1183 537 1375 601 ferox,
1406 539 1720 592 admouere.
1768 558 1869 590 μιῇ
1909 542 2125 610 rumpit:

187 625 502 691 «Quotiens
524 629 653 682 suis
674 629 925 697 quisque
946 626 1363 694 deverso1·iis*,
1384 642 1514 697 quae
1538 630 1977 695 neumam-senff,
2001 646 2101 699 pro

178 717 436 771 turbatus
475 719 657 784 esset,
707 719 770 770 ut
816 718 1204 787 purgamenta
1251 731 1569 770 servorum
1620 719 1865 771 Ninum*
1907 723 2131 787 :scalpo—-

177 808 372 860 rentur
398 822 467 860 eo
498 805 654 860 unde
686 804 1122 860 commilitones
1153 804 1549 873 expulissent.
1572 811 1732 859 ,κω-υ
1764 815 2127 875 argentoque
2179 807 2217 861 3

162 894 430 950 ·vehicula
473 895 608 966 ejus
652 899 869 950 onusta
914 893 1056 948 totis
1091 894 1246 948 vicis
1277 894 1539 961 stetisse,
1580 911 1649 949 ac
1676 909 1749 947 ne
1779 895 1841 947 in
1869 896 2127 948 vicinam

175 984 398 1053 quidem
418 983 775 1040 deversorii⁴
791 996 1146 1053 quemquam
1162 983 1627 1036 commilitonum
1644 985 1945 1052 receptum
1966 998 2123 1051 esse,

171 1071 264 1125 sed
291 1087 402 1142 per
428 1072 760 1142 dispositos
797 1086 951 1141 quos
996 1086 1179 1140 supra
1225 1086 1497 1125 somnum
1543 1069 1848 1137 habebat⁸,
1894 1072 2126 1126 omnis⁸

169 1161 369 1228 procul
409 1159 731 1231 relegatos,
757 1175 833 1213 ne
870 1157 1085 1213 femina
1114 1158 1215 1212 illa
1242 1159 1736 1213 murmurantium
1764 1161 1917 1214 inter
1943 1174 2010 1214 se
2040 1159 2124 1214 si-

168 1245 335 1303 lentio
387 1249 594 1303 verius
640 1264 817 1319 quam
864 1262 1013 1302 sono
1062 1248 1447 1303 excitaretur.
1492 1247 1777 1303 Ludibrio
1826 1249 1880 1303 ei
1932 1248 2122 1304 fuisse
2177 1251 2213 1305 4

167 1337 420 1392 rusticos
446 1336 740 1406 homines,
773 1335 1162 1408 Phrygasque
1192 1339 1251 1391 et
1278 1336 1690 1407 Paphlagonas
1708 1336 1728 1363 ⁷
1773 1337 2122 1407 appellatos,

167 1426 258 1496 qui
300 1443 431 1482 non
477 1426 875 1493 erubesceret,
929 1425 1173 1480 Macedo
1209 1429 1409 1494 natus,
1441 1426 1715 1480 homines
1741 1425 1967 1496 linguae
1996 1442 2123 1481 suae

164 1529 263 1584 per
285 1517 677 1587 interpretem
704 1516 926 1571 audire.
949 1515 1123 1570 Nunc
1151 1532 1257 1570 cur
1278 1516 1708 1570 Hammonem*
1728 1517 1959 1571 consuli
1989 1517 2118 1571 vel·
2174 1519 2213 1574 5

163 1602 272 1658 let?
299 1605 556 1660 eundem
581 1605 615 1660 J
621 1605 752 1658 ovis
780 1604 1059 1675 arguisse
1088 1604 1480 1671 mendacium,
1508 1603 1909 1658 Alexandrum
1936 1602 2121 1658 filium

160 1693 560 1763 agnoscentis,
603 1692 870 1747 scilicet⁸
921 1693 1173 1747 veritum
1228 1709 1304 1746 ne
1349 1692 1718 1747 invidiosum
1765 1695 1924 1748 esset
1965 1693 2120 1764 quod

161 1780 232 1836 dii
259 1781 579 1838 offerrent.
634 1781 780 1836 Cum
826 1782 1209 1837 insidiaretur
1238 1782 1415 1852 capiti
1457 1783 1623 1853 regis
1670 1785 1730 1837 et
1774 1782 1967 1849 amici,
1999 1797 2120 1836 non
2171 1783 2211 1840 6

159 1868 532 1926 consuluisse
562 1886 698 1925 eum
725 1870 935 1925 Jovem
971 1888 985 1924 ε
1026 1887 1185 1925 nunc
1219 1870 1293 1925 ad
1324 1871 1628 1926 oraculum
1646 1871 1668 1892 *
1694 1871 1951 1938 mittere„
1980 1870 2119 1924 dum

157 1964 312 2029 pater
340 1959 480 2033 ejus
507 1959 877 2029 sollicitetur,
901 1961 1001 2031 qui
1029 1960 1235 2031 praesit
1256 1962 1323 2014 in
1342 1959 1554 2028 Media,
1577 1962 1635 2014 et
1654 1961 1921 2030 pecunia,
1944 1958 2117 2031 cujus

155 2048 423 2105 custodia
471 2048 528 2104 ei
570 2049 891 2104 commissa
933 2049 1030 2116 sit,
1067 2049 1333 2118 perditos
1369 2048 1643 2103 homines
1672 2048 1747 2103 ad
1774 2050 2115 2104 societatem

155 2138 399 2195 sceleris
444 2139 727 2210 impellat.
767 2140 941 2211 Ipsos
987 2138 1281 2193 missuros
1326 2137 1398 2191 ad
1446 2127 1749 2192 oraculum
1775 2136 1818 2206 *,
1855 2154 1976 2192 non
2016 2138 2117 2207 qui
2170 2140 2204 2194 7

151 2226 358 2284 Jovem
386 2230 777 2302 interrogent,
810 2228 963 2301 quod
993 2244 1067 2283 ex
1094 2242 1237 2300 rege
1266 2226 1678 2297 cognoverint,
1709 2226 1813 2281 sed
1842 2228 1944 2298 qui
1973 2242 2113 2299 gra-

149 2315 261 2370 tias
299 2321 504 2387 agant,
534 2318 637 2389 qui
675 2321 814 2374 vota
849 2332 957 2388 pro
996 2315 1398 2372 incolumitate
1436 2315 1603 2386 regis
1643 2315 1848 2385 optimi
1884 2316 2112 2386 persol-

148 2407 306 2460 vant.
343 2428 368 2455 υ

212 2512 365 2567 Tum
395 2530 538 2569 vero
569 2516 853 2569 universa
881 2512 1073 2568 contio
1107 2527 1357 2568 accensa
1388 2511 1499 2579 est,
1524 2513 1581 2565 et
1609 2527 1643 2565 a
1671 2511 1945 2581 corporis
1977 2526 2111 2567 cus·
2167 2513 2202 2567 8

146 2602 426 2657 todihus'*
455 2603 692 2658 initium
721 2602 958 2672 factum,
980 2600 1291 2657 clamantis
1321 2599 1779 2671 discerpendum
1807 2612 1940 2655 esse
1967 2616 2109 2671 par·

140 2956 168 3000 b
189 2896 269 2944 11.
305 2919 358 2930 --
385 2900 431 2943 1.
464 2895 625 2941 Civilis
653 2894 844 2951 habitus,
863 2896 937 2941 les
964 2893 1214 2941 habitudes
1241 2893 1301 2941 de
1318 2894 1366 2940 la
1387 2893 1465 2941 vie
1487 2893 1642 2952 civile,
1659 2894 1705 2939 la
1732 2892 1971 2953 politesse,
1992 2895 2106 2942 l‘ur-

169 2959 321 3004 anite.
828 2995 832 2998 .

187 3027 239 3068 2.
275 3022 524 3077 Promotus,
553 3033 668 3077 pour
688 3023 942 3077 provectus,
968 3020 1204 3075 west-pas
1224 3020 1283 3065 de
1299 3019 1512 3078 l'epoque
1540 3019 1798 3078 classique.

185 3088 234 3129 3.
273 3085 381 3136 Quae
406 3088 702 3141 occupassent,
753 3084 888 3139 qu’ils
915 3085 1103 3128 avaient
1137 3081 1319 3138 occupe
1360 3084 1432 3128 les
1479 3083 1722 3140 premiere,
1758 3084 1999 3130 rencherit
2025 3096 2107 3129 sur

136 3158 251 3192 suu.
1029 3181 1033 3185 .

183 3214 234 3255 4.
269 3209 551 3264 Deversoria,
578 3210 808 3255 entendez
836 3208 1083 3252 deversorii
1098 3208 1309 3254 Philotae.

183 3276 231 3317 5.
269 3274 564 3317 Construisez
588 3284 601 3317 ε
634 3273 724 3317 Per
752 3272 864 3316 illos
891 3282 995 3327 quos
1023 3270 1206 3315 habebat
1223 3272 1467 3326 dispositos
1491 3284 1629 3328 vapra
1655 3284 1870 3328 somnum,
1894 3273 1967 3318 les
1992 3272 2106 3328 pre-

133 3334 273 3387 poses
308 3334 336 3377 a
353 3347 436 3379 son
466 3335 697 3380 sommeil.
730 3338 815 3379 Les
844 3333 1062 3378 Romains
1080 3334 1269 3379 avaient
1283 3334 1341 3378 de
1352 3343 1431 3379 ces
1455 3335 1692 3382 esclaves.

181 3401 228 3442 6.
263 3396 432 3451 Omnis,
463 3410 546 3443 sur
571 3403 647 3443 cet
664 3395 895 3441 accusatis
924 3408 984 3439 en
1003 3395 1059 3447 ie,
1091 3396 1152 3440 cf.
1180 3400 1254 3449 111,
1277 3408 1364 3452 xn,
1383 3403 1491 3442 note
1508 3403 1551 3444 4.

181 3465 232 3503 7.
270 3458 484 3516 Plarwae,
512 3461 840 3517 Paphlauonas.
882 3462 968 3503 Les
1022 3458 1247 3514 premiere
1294 3460 1467 3505 etaient
1525 3460 1786 3506 renommes
1830 3472 1947 3517 pour
2002 3461 2103 3503 leur

132 3532 343 3577 manque
358 3522 720 3578 d'intelligence‚
741 3525 814 3567 les
842 3522 1042 3567 seconds
1071 3533 1187 3578 pour
1213 3522 1320 3568 leur
1348 3524 1596 3569 eredulite.

182 3587 234 3628 8.
261 3583 463 3642 Scilicet,
485 3588 853 3642 apparemment.
888 3584 1053 3629 lronie.

1858 3680 1921 3733 12
