2517 3975
279 618 347 673 13

279 883 347 938 14

282 1237 353 1292 15

280 1412 353 1468 16

286 1877 354 1931 17

287 2057 357 2112 18

289 2233 360 2290 19

289 2589 361 2643 20

292 2856 357 2911 21

402 229 511 285 300
1160 247 1213 290 Q.
1252 246 1425 285 cun-rx
1463 248 1600 286 num

402 353 685 408 tet-fluens
733 352 949 422 hausit,
991 353 1160 410 triste
1208 354 1637 424 spectaculum⁶
1665 355 1841 409 etiam
1880 370 2001 409 non
2028 354 2357 423 periclitan-

400 442 555 496 tibus
588 456 600 495 :
633 457 767 496 cum
811 458 957 497 vero
1006 443 1198 497 alieno
1246 444 1428 498 exitio
1473 444 1612 515 quid
1652 445 1806 515 ipsis
1846 444 2174 498 timendum
2217 441 2356 498 foret

403 530 881 594 admonerentur,
903 531 968 584 in
989 533 1203 585 metum
1224 531 1633 587 misericordia
1654 547 1849 600 versa,
1874 547 1995 585 non
2015 532 2352 596 exstinctos,

403 619 506 673 sed
538 619 897 689 semetipsos
944 619 1256 674 deflebant.
1292 620 1364 674 Et
1398 620 1521 691 jam
1550 637 1619 675 eo
1659 624 2009 690 perventum
2036 623 2181 684 erat,
2214 620 2354 674 unde

403 708 532 762 sine
573 707 840 778 pernicie
888 709 1005 761 nisi
1061 708 1324 764 victores
1371 710 1570 764 redire
1617 725 1740 764 non
1780 712 2054 779 possent,
2105 709 2352 779 ingentia

402 812 546 852 saxa
575 798 635 852 in
680 797 1007 852 subeuntes
1038 797 1523 867 provolventibus
1551 798 1859 862 harbaris;
1892 798 2057 868 quis⁷
2086 797 2349 868 perculsi,

403 885 667 941 instabili
712 889 769 940 et
811 885 1039 940 lubrico
1083 886 1273 958 gradu
1317 887 1656 957 praecipites
1717 886 2080 941 recidebant.
2149 886 2351 941 Evase-

403 974 573 1031 rant·
598 978 794 1029 tamen
841 973 1177 1029 Alexander
1219 978 1277 1029 et
1326 974 1579 1044 CharuS‚
1611 990 1761 1044 quos
1800 990 1933 1029 cum
1972 992 2099 1029 xxx
2131 975 2356 1029 delectis

404 1064 777 1134 praemiserat
804 1078 930 1130 rex,
976 1066 1033 1118 et
1072 1063 1197 1134 jam
1234 1079 1509 1134 pugnare
1537 1063 1871 1118 comminus
1900 1068 2232 1133 coeperant:
2263 1062 2355 1117 sed

405 1167 537 1207 cum
566 1166 825 1220 superne
854 1151 1002 1205 tela*
1030 1151 1269 1206 barbari
1297 1152 1661 1222 ingererent,
1683 1152 1908 1221 soepius
1935 1152 2054 1222 ipsi
2084 1151 2355 1206 ferieban-

404 1242 503 1295 tur
531 1254 706 1308 quam
750 1239 1165 1294 vulnerabant.
1209 1240 1368 1312 Ergo
1416 1240 1772 1306 Alexander,
1806 1244 1866 1295 et
1899 1241 2165 1294 nominis
2195 1242 2284 1294 sui
2308 1244 2357 1293 et

406 1327 694 1400 promissi
723 1343 964 1396 memor,
988 1327 1127 1385 dum
1156 1328 1355 1384 acrius
1383 1343 1558 1398 quam
1586 1327 1818 1382 cautius
1848 1328 2101 1396 dimicat,
2134 1328 2355 1382 confos-

408 1432 514 1472 sus
541 1416 801 1485 undique
831 1416 1132 1473 obruitur.
1161 1415 1348 1481 Quem
1375 1421 1441 1471 ut
1460 1416 1692 1475 Charus
1713 1420 2013 1490 jacentem
2040 1419 2353 1488 conspexit,

407 1519 583 1560 ruere
600 1504 662 1557 in
688 1503 941 1571 hostem,
975 1505 1240 1560 omnium
1270 1508 1486 1575 praeter
1507 1507 1793 1561 ultionem
1815 1507 2143 1574 immemor,
2174 1507 2352 1575 coepit,

405 1592 742 1662 multosque
772 1592 942 1646 hasta
961 1593 1003 1660 *,
1035 1593 1324 1664 quosdam
1361 1594 1558 1665 gladio
1579 1595 1599 1616 *
1628 1595 1945 1650 interemit.
1976 1593 2095 1648 Sed
2131 1609 2259 1648 cum
2285 1596 2356 1647 tot

407 1696 592 1736 unum
641 1682 1015 1737 incesserent
1070 1697 1306 1753 manus,
1364 1697 1549 1752 super
1589 1683 1762 1738 amici
1807 1698 2026 1753 corpus
2062 1680 2355 1752 procubuit

407 1784 721 1826 examnns.

482 1875 654 1930 Haud
694 1891 888 1945 secus,
920 1891 1095 1946 quam
1124 1893 1232 1948 par
1263 1882 1407 1944 erat,
1440 1865 2023 1949 promptissimorum
2046 1874 2351 1949 Juvenum*

410 1968 852 2035 ceterorumque
895 1965 1145 2020 militum
1185 1966 1428 2022 interitu
1470 1969 1819 2033 commotus,
1861 1981 1966 2021 rex
2001 1967 2232 2039 signum
2265 1978 2347 2017 re-

411 2054 606 2124 ceptui
637 2053 817 2108 dedit.
846 2050 1032 2108 Saluti
1064 2054 1190 2123 fuit,
1215 2056 1376 2126 quod
1405 2055 1630 2110 sensim
1661 2058 1715 2110 et
1744 2055 2021 2124 intrepidi
2048 2070 2113 2108 se
2140 2065 2349 2121 recepe·

411 2144 569 2210 runt,
602 2144 658 2196 et
695 2141 959 2206 barbari,
999 2142 1232 2198 hostem
1273 2144 1577 2214 depulisse
1616 2144 1871 2198 contenti
1891 2143 1930 2210 ⁹,
1960 2158 2081 2197 non
2108 2141 2346 2195 institere

411 2231 776 2288 cedentibuS.
821 2231 1095 2287 Ceterum
1146 2233 1486 2290 Alexander
1542 2250 1673 2289 cum
1730 2235 2037 2289 statuisset
2088 2233 2347 2288 desistere

413 2321 645 2390 incepto
673 2350 745 2360 —
772 2320 988 2391 quippe
1015 2321 1170 2375 nulla
1200 2338 1341 2393 spes
1370 2323 1672 2395 potiundae
1699 2324 1884 2393 petrae
1926 2320 2268 2377 offerebatur
2286 2344 2347 2358 --

411 2413 608 2464 tamen
656 2409 916 2479 speciem
964 2410 1219 2469 ostendit
1265 2411 1328 2464 in
1366 2411 1677 2466 obsidione
1722 2414 2190 2481 perseverantis;
2228 2421 2344 2460 nam

415 2504 473 2552 et
514 2498 727 2552 itinera
777 2497 1036 2552 obsideri
1077 2499 1283 2569 „iussin
1314 2501 1372 2554 et
1399 2502 1597 2553 turres
1617 2499 1638 2520 *
1667 2498 1996 2566 admoveri,
2028 2502 2085 2554 et
2120 2495 2341 2568 fatigatis

415 2588 567 2642 alios
596 2587 934 2641 succedere.
966 2586 1153 2659 Cujus
1190 2589 1515 2658 pertinacia
1543 2587 1798 2658 cognita,
1828 2586 1960 2641 Indi
1993 2603 2100 2657 per
2132 2586 2339 2641 biduum

417 2677 651 2746 quidem
680 2691 748 2729 ac
785 2675 929 2729 duas
959 2671 1165 2730 noctes
1195 2693 1329 2731 cum
1361 2678 1750 2731 ostentatione
1779 2692 1900 2730 non
1936 2676 2156 2731 flduciae
2178 2672 2337 2735 modo,

416 2766 519 2820 sed
565 2764 740 2819 etiam
769 2763 1033 2819 victoriae
1080 2766 1300 2834 epulati
1344 2770 1504 2832 sunt,
1546 2764 1857 2835 tympana*
1890 2779 2002 2818 suo
2051 2780 2199 2819 more
2231 2759 2340 2831 pul·

417 2856 641 2908 santes,
700 2852 895 2907 Tertia
933 2869 1077 2907 vero
1125 2856 1319 2920 nocte,
1368 2856 1781 2923 tympanorum
1821 2854 2059 2925 quidem
2097 2851 2342 2922 strepitus

468 3126 513 3171 6.
554 3126 702 3169 Triste
729 3127 1043 3181 spectaculum.
1077 3127 1344 3181 Apposition
1382 3125 1407 3169 ὲ
1443 3126 1489 3169 la
1531 3126 1813 3181 proposition
1842 3127 2040 3181 entiere,
2069 3127 2134 3174 cf.
2164 3129 2232 3178 111,
2256 3130 2342 3171 xm,

418 3194 523 3232 note
536 3192 575 3232 8.
599 3210 654 3220 -
677 3191 843 3241 Quinte
872 3191 1018 3232 curce
1046 3201 1071 3232 a
1099 3188 1306 3244 exprime
1330 3190 1401 3232 les
1437 3188 1611 3232 memes
1639 3187 1784 3243 idees,
1814 3192 1908 3244 Vll,
1944 3201 2014 3244 xi,
2038 3191 2110 3237 16.

470 3251 516 3294 7.
553 3250 661 3302 Quis
690 3261 868 3293 comme
896 3251 1065 3304 quibus.
1098 3250 1170 3295 cf.
1199 3254 1273 3303 111,
1303 3261 1354 3302 ιι,
1383 3255 1491 3294 note
1515 3255 1561 3294 8.

470 3313 517 3358 8.
553 3312 794 3354 Evaserant
823 3322 998 3354 comme
1027 3325 1086 3355 au
1112 3312 1136 3366 S
1158 3318 1199 3362 5,
1220 3312 1272 3355 In
1298 3324 1507 3356 summum
1517 3314 1675 3366 jugum
1696 3313 1900 3360 evadere.

479 3375 527 3413 9.
560 3371 778 3418 Contenti,
811 3383 924 3414 avec
953 3373 1196 3417 l'infinitir.
1227 3397 1276 3405 —-
1301 3374 1530 3428 Frequent
1553 3374 1722 3429 depuis
1752 3378 1980 3430 Auguste.
2016 3377 2246 3425 Contentus
2262 3366 2353 3414 ἰπὶ·

421 3434 538 3473 ται-ε.
572 3429 750 3483 (ovide,
780 3430 909 3483 Met..
939 3434 974 3485 Ι,
1002 3436 1126 3487 461.)
1154 3457 1205 3465 -
1234 3435 1475 3478 Contentus
1504 3435 1651 3478 hostes
1672 3437 1963 3490 sustinuisse,
1982 3438 2150 3482 d'avoir
2175 3439 2350 3479 sontem

422 3493 467 3592 ¹1⁰
493 3490 688 3592 chopvde
712 3486 946 3601 Γῗξὲιξωί.
988 3493 1227 3547 (velleius,
1259 3499 1313 3545 11,
1345 3499 1467 3551 112.)
1501 3521 1556 3529 —
1595 3497 1836 3542 Contentus
1876 3500 2128 3545 ostendere.
2170 3494 2349 3551 (enimn

446 3561 498 3592 m
526 3581 560 3598 .,
638 3560 721 3601 ,ιι,
826 3581 837 3592 .
