2517 3975
260 2008 329 2063 10

263 2276 326 2331 11

266 2456 334 2511 12

380 225 486 279 152
1145 242 1203 289 Q.
1239 240 1412 281 cmm
1449 241 1582 279 nuri

383 350 613 404 tertiam
640 349 901 418 partem⁸
929 349 1087 403 Asiae
1116 351 1294 415 tenet,
1328 348 1638 403 multitudo
1666 348 1967 419 juniorum
2010 344 2288 407 exercituS,

380 454 532 510 quos
571 438 850 492 amiserat
894 438 1130 505 DariuS,
1181 437 1473 508 aequabat.
1523 438 1726 508 Itaque
1768 453 1882 491 non
1929 436 2087 489 illum
2126 431 2291 494 modo,

380 526 485 582 sed
512 526 685 580 etiam
717 525 1116 581 Alexandrum
1155 526 1535 596 spernebant,
1577 526 1715 580 inde
1766 527 1928 580 vires
1977 521 2190 593 imperii
2221 536 2298 574 re·

379 615 639 686 petituri,
669 615 722 669 si
751 615 927 685 regni
955 615 1062 670 iis‘
1100 616 1280 686 potiri
1310 615 1719 685 contigisset⁷.

452 728 564 784 Diu
601 729 877 784 omnibus
916 729 1203 800 cogitatiS,
1238 729 1457 798 placuit
1494 744 1601 798 per
1629 728 1847 782 milites
1874 728 2220 790 Bactrianos,
2245 722 2303 776 ad

381 833 553 875 omne
600 819 952 890 obsequium
995 819 1341 882 destinatOS‚
1392 833 1593 890 regem
1642 817 2152 887 comprehendere,
2197 812 2305 867 mit·

377 909 541 980 tique
588 909 857 962 nuntium
905 907 978 961 ad
1019 906 1437 975 Alexandrum,
1470 907 1571 979 qui
1600 906 1888 961 indicaret
1914 907 2112 960 vivum
2141 917 2307 957 asser-

380 997 512 1052 vari
554 1011 688 1050 eum
730 1012 744 1050 ε
789 996 863 1063 si,
913 995 972 1049 id
1018 995 1173 1064 quod
1216 994 1523 1061 timebant,
1563 994 1957 1065 proditionem
1995 991 2310 1063 aspernatus

379 1088 561 1150 esset,
593 1084 883 1139 occisuri⁸
922 1084 1180 1146 Darium,
1233 1087 1290 1139 et
1337 1084 1554 1138 Bactra
1603 1098 1734 1138 cum
1783 1100 2028 1138 suarum
2082 1081 2310 1154 gentium

381 1189 560 1229 manu
589 1174 848 1243 petituri.
880 1172 1151 1228 Ceterum
1183 1173 1490 1243 propalam
1520 1172 1949 1242 comprehendi
1979 1172 2187 1226 Darius
2213 1183 2313 1223 non

380 1264 627 1333 poterat,
659 1263 744 1315 tot
783 1262 1098 1317 Persarum
1125 1262 1392 1316 millibus
1418 1259 1624 1315 laturis
1655 1262 1859 1331 opem⁹
1888 1262 2020 1334 regi
2053 1278 2065 1317 :
2106 1260 2316 1315 Graeco-

380 1366 511 1406 rum
538 1366 770 1422 quoque
813 1349 959 1405 fides
987 1351 1332 1406 timebatur.

451 1466 674 1536 Itaque,
708 1465 862 1536 quod
900 1466 961 1519 vi
1000 1481 1119 1520 non
1160 1467 1458 1537 poterant,
1494 1464 1702 1520 fraude
1742 1467 1986 1537 assequi
2024 1463 2322 1521 tentant¹⁰t

378 1555 778 1626 paenitentiam
816 1554 1184 1609 secessionis
1222 1554 1502 1609 simulare
1535 1554 1939 1620 decreverant,
1974 1558 2030 1611 et
2066 1568 2322 1610 excusare

380 1644 535 1715 apud
574 1658 780 1715 regem
816 1643 1359 1699 consternationem
1416 1644 1656 1698 suam¹¹.
1694 1643 1959 1712 Interim,
2000 1645 2101 1717 qui
2134 1645 2328 1698 Persas

381 1733 788 1799 sollicitarent,
822 1733 1148 1787 mittuntur.
1181 1732 1336 1786 Hinc
1380 1748 1507 1801 spe,
1542 1732 1679 1786 hinc
1709 1738 1865 1786 metu
1898 1735 2187 1788 militares
2217 1731 2329 1786 ani-

380 1837 512 1876 mos
541 1824 784 1876 versant
815 1838 828 1875 ε
861 1821 1047 1874 ruinae
1073 1820 1327 1875 rerum¹²
1356 1820 1612 1876 subdere
1640 1820 1777 1875 illos
1807 1823 2021 1891 capita,
2057 1823 2119 1876 in
2144 1821 2329 1893 perni-

380 1909 531 1963 ciem
576 1907 762 1976 trahi,
813 1924 946 1963 cum
993 1907 1203 1962 Bactra
1251 1910 1505 1978 pateant,
1558 1910 1876 1979 exceptura
1925 1925 2034 1965 eos
2083 1911 2250 1965 bonis
2286 1909 2331 1961 et

382 1998 701 2069 opulentia,
734 1998 950 2051 animis
976 2013 1148 2069 quam
1176 1999 1491 2069 concipere
1520 2014 1635 2052 non
1667 2000 1922 2069 possint.
1960 2001 2105 2055 Haec
2135 1999 2333 2074 agitan-

383 2088 546 2143 tibus
598 2087 925 2142 Artabazus
983 2087 1350 2157 supervenit,
1401 2089 1530 2142 sive
1586 2088 1753 2156 regis
1812 2087 2019 2159 jussu,
2080 2089 2204 2145 sive
2242 2103 2335 2142 sua

385 2181 611 2249 sponte,
654 2176 957 2231 affirmans
1000 2177 1332 2248 mitigatum
1371 2192 1505 2232 esse
1555 2177 1796 2230 Darium
1844 2181 1899 2232 et
1938 2179 2195 2234 eundem
2232 2175 2339 2232 illis

386 2267 658 2322 amicitiae
702 2265 954 2337 gradum
983 2268 1181 2335 patere
1225 2265 1381 2335 apud
1411 2281 1633 2337 regem.
1669 2265 1761 2319 Illi
1788 2263 2172 2324 lacrimantes
2201 2281 2340 2322 nuno

387 2371 647 2427 purgare
674 2371 763 2423 se,
801 2370 959 2410 nunc
988 2354 1342 2410 Artabazum
1372 2369 1543 2409 orare
1573 2358 1635 2408 ut
1663 2370 1902 2409 causam
1932 2356 2209 2427 ipsorum
2236 2360 2347 2410 tue·

387 2447 553 2498 retur
596 2459 922 2515 precesque
971 2442 1287 2514 perferret.
1343 2442 1441 2498 Sic
1496 2446 1733 2513 peracta
1791 2446 1984 2516 nocte,
2051 2448 2166 2501 sub
2209 2444 2347 2500 lucis

390 2536 661 2588 exortum
689 2534 915 2588 Bessus
946 2534 1003 2587 et
1029 2531 1408 2587 Nabarzanes
1438 2548 1569 2587 cum
1612 2533 1943 2588 Bactrianis
1971 2535 2266 2590 militibus
2295 2531 2348 2585 in

389 2836 584 2877 veterum
612 2831 775 2877 virtute
802 2834 1032 2884 secundus,
1063 2832 1143 2888 qui
1173 2843 1232 2877 ne
1260 2831 1307 2876 le
1330 2829 1443 2876 cede
1467 2842 1526 2877 en
1554 2843 1756 2887 courage
1789 2832 1815 2876 a
1842 2844 2002 2879 aucun
2040 2835 2130 2880 des
2178 2836 2355 2879 ariciens

392 2894 550 2950 (Vix-g„
566 2894 685 2945 Ain,
705 2898 776 2948 xl,
794 2897 913 2953 ⁴4¹).

445 2960 496 3004 ὅ.
529 2956 722 3000 Tertiam
739 2962 934 3012 partem.
959 2958 1283 3013 Exegeration.

443 3022 492 3066 6.
524 3018 589 3062 Ιίε
615 3020 895 3074 contioieset.
924 3025 992 3067 On
1016 3021 1270 3065 attendi-ait
1292 3021 1398 3065 sibi.

444 3087 493 3125 ’1.
521 3080 672 3125 Potiri
700 3083 974 3136 contiqisset.
1011 3083 1234 3136 Concinait
1263 3082 1500 3127 construit
1527 3092 1642 3126 avec
1684 3080 1906 3126 l'inssuitif
1944 3087 2019 3126 est
2044 3083 2307 3137 posterieur
2334 3080 2359 3123 a

394 3148 619 3198 Auguste.
655 3146 717 3187 Le
744 3145 1060 3190 construction
1079 3145 1312 3201 classique
1336 3152 1410 3190 est
1428 3147 1472 3189 le
1501 3144 1759 3199 subienctif
1788 3156 1901 3189 avec
1923 3148 1993 3189 ut.
2039 3145 2144 3189 Volo
2166 3146 2244 3191 Ιιοσ
2263 3155 2358 3189 ora-

395 3206 484 3251 tori
533 3205 764 3260 continqat
795 3210 918 3253 ut...
952 3212 1001 3252 Je
1037 3219 1162 3251 veux
1205 3207 1320 3262 qu’il
1371 3207 1527 3251 art-ive
1556 3208 1653 3252 ceci
1697 3206 1724 3249 a
1751 3206 1967 3251 l’orateur
2014 3219 2187 3261 que...
2241 3209 2366 3263 (Cic.,

364 3322 369 3327 .
394 3268 546 3323 Brut„
577 3268 789 3323 LXXXIV,
812 3269 932 3324 290).
955 3291 1009 3300 —
1035 3269 1174 3322 Requi
1195 3269 1361 3325 potiri.
1389 3268 1459 3314 Cf.
1486 3271 1557 3319 111,
1584 3279 1620 3318 ι,
1648 3273 1755 3313 note
1776 3273 1852 3314 27.

445 3334 492 3375 8.
528 3329 745 3384 occisuri,
768 3330 1116 3375 sous-entendu
1143 3335 1291 3375 erant.

447 3398 494 3438 9.
528 3392 713 3435 Latiaris
738 3403 882 3445 opem.
915 3393 1071 3447 cr.1V,
1096 3404 1166 3446 ιιι,
1189 3399 1299 3438 note
1318 3395 1388 3438 27.

452 3458 523 3500 10.
560 3454 744 3497 Teutam
771 3465 887 3498 avec
910 3454 1148 3498 l'infinitir.
1173 3457 1238 3499 Cf.
1265 3460 1337 3510 lv,
1361 3468 1394 3509 ι,
1418 3462 1526 3499 note
1544 3457 1619 3500 48.

451 3523 522 3562 11.
558 3516 964 3560 comternationem
994 3526 1133 3568 suam,
1147 3517 1191 3558 le
1220 3514 1441 3560 desordre
1453 3516 1533 3571 qui
1562 3522 1637 3560 est
1663 3517 1767 3560 leur
1789 3516 1893 3562 fait.

448 3579 522 3623 12.
553 3578 732 3627 Rerum.
750 3579 795 3621 la
822 3576 965 3621 chose
991 3578 1228 3630 publique,
1258 3573 1412 3623 meat.
