2517 3975
306 434 373 487 18

305 611 372 665 19

304 790 373 844 20

425 217 532 272 158
1188 237 1242 281 Q.
1286 236 1456 274 cunri
1496 236 1632 275 num

420 344 580 416 jure,
612 343 905 413 diripitur,
940 344 1252 415 onustique
1285 346 1506 415 praeda,
1537 360 1645 414 per
1673 345 1871 399 scelus
1900 344 2166 398 ultimum
2192 344 2354 413 parta,

425 435 624 506 fugam
652 435 980 488 intendunt.
1014 434 1356 504 Artabazus,
1391 450 1521 488 cum
1565 434 1660 488 his
1689 435 1788 504 qui
1827 434 2078 504 imperio
2107 432 2361 504 parebant

427 524 773 593 Graecisque
833 523 1141 588 militibus,
1190 523 1546 577 Parthienen
1608 523 1859 593 petebat,
1928 522 2122 576 omnia
2174 521 2361 576 tutiora

427 613 854 682 parricidarum
883 613 1204 667 contuitu¹'¹
1229 616 1415 666 ratuS.
1447 613 1671 680 Persae,
1701 612 2016 683 promissis
2047 609 2220 666 Bessi
2247 625 2362 663 oue·

426 701 567 770 rati,
603 700 857 755 maxime
888 702 1024 771 quia
1061 718 1233 756 nemo
1264 702 1413 755 alius
1445 704 1573 756 erat
1609 716 1783 770 quem
1813 703 2217 771 sequerentur,
2247 713 2364 752 con-

421 789 677 861 junxere
708 806 772 844 se
802 791 1155 857 Bactrianis,
1176 806 1392 861 agmen
1420 804 1628 846 eorum
1657 791 1828 844 tertio
1858 788 2117 844 assecuti
2147 788 2258 842 die.
2291 787 2364 840 Ne

426 883 621 934 tamen
652 879 840 933 honos
887 880 1019 950 regi
1060 896 1179 934 non
1217 880 1552 944 haberetur,
1604 880 1806 933 aureis
1850 877 2235 948 compedibus
2261 875 2367 931 Da-

427 969 580 1021 rium
607 969 889 1037 vinciunt,
934 985 1088 1024 nova
1125 970 1384 1024 ludibria
1430 968 1683 1023 subinde
1732 968 2106 1040 excogitante
2134 965 2364 1032 fortuna,

429 1061 485 1112 et
508 1074 582 1111 ne
610 1057 761 1112 forte
790 1059 949 1113 cultu
971 1060 1135 1131 regio
1160 1061 1366 1129 posset
1388 1061 1655 1129 agnosci,
1678 1058 1938 1113 sordidis
1955 1057 2209 1126 pellibus
2226 1054 2370 1108 vehi-

427 1148 623 1202 culum
667 1149 996 1203 intexerent
1039 1165 1052 1203 :
1104 1150 1350 1220 ignoti¹⁸
1395 1152 1663 1219 jumenta
1704 1149 2001 1220 agebant:
2045 1162 2122 1200 ne
2149 1158 2368 1216 percon-

428 1237 687 1290 tantibus
743 1238 805 1291 in
866 1240 1097 1309 agmine
1154 1239 1477 1293 monstrari
1535 1242 1758 1308 posset,
1800 1237 2079 1292 custodes
2133 1233 2371 1305 procul¹⁹

429 1327 829 1397 sequebantur

1197 1529 1453 1587 CAPUT
1492 1529 1631 1582 X111

429 1680 719 1729 Alexandre
748 1694 804 1728 se
832 1685 937 1730 met
964 1682 994 1729 a
1024 1680 1073 1729 la
1100 1683 1373 1744 poursuite
1403 1683 1466 1731 de
1496 1684 1716 1732 Bessus.
1739 1706 1800 1716 —
1826 1683 2053 1732 Meurtre
2083 1681 2146 1729 de
2176 1677 2368 1728 DariuS.

1278 1811 1394 1870 (ste,
1416 1814 1543 1870 330.)

500 1950 868 2043 Alekander,
921 1976 1161 2030 audito¹
1230 1974 1473 2031 Darium
1527 1977 1843 2032 movisse²
1900 1977 1972 2033 ab
2022 1973 2374 2036 Ecbatanis³‚

430 2066 658 2120 omisso
702 2065 913 2119 itinero
961 2066 1117 2135 quod
1161 2066 1398 2136 petebat
1433 2067 1520 2137 (in
1551 2067 1841 2138 Mediam),
1877 2068 2198 2138 fugientem
2239 2067 2377 2119 inse-

480 2262 551 2303 17.
588 2258 798 2301 Contuilu
816 2270 989 2300 comme
1014 2262 1273 2312 consuetu,-
1300 2260 1413 2302 c‘est
1441 2270 1505 2302 un
1533 2265 1627 2302 mot
1643 2271 1736 2313 peu
1756 2259 1991 2315 employe.

480 2324 548 2365 18.
574 2321 731 2374 Iynoci,
753 2320 833 2374 qui
860 2332 886 2362 a
910 2320 1187 2364 d'ordinaire
1209 2322 1252 2363 le
1275 2333 1383 2364 sens
1409 2321 1568 2375 passis,
1597 2326 1667 2363 est
1696 2321 1791 2374 pris
1820 2321 1878 2364 ici
1910 2323 2028 2364 dans
2064 2324 2107 2365 le
2133 2332 2240 2365 sens
2267 2318 2379 2365 actii,

426 2396 548 2428 ceux
579 2384 658 2487 thui
680 2394 739 2427 ne
764 2386 808 2427 le
827 2384 1122 2488 connaissent
1145 2394 1243 2436 ρας.
1272 2386 1333 2425 De
1357 2384 1506 2427 meme
1528 2393 1540 2426 ε
1570 2383 1754 2427 Flebant
1780 2383 2082 2428 Germanicum
2110 2385 2239 2428 etiam
2259 2379 2381 2436 iquoti

429 2448 570 2502 (Tac,
632 2458 724 2495 nn„
756 2449 808 2496 ΙΙ,
889 2452 918 2500 ).

481 2511 552 2552 19.
586 2508 742 2551 Procul
773 2508 953 2560 signina
989 2506 1015 2550 a
1051 2519 1143 2550 une
1172 2508 1379 2551 distance
1416 2510 1729 2562 quelconque,
1761 2508 1854 2551 loin
1896 2521 1957 2551 ou
2001 2507 2124 2562 pree.
2177 2507 2341 2558 Procul,
2364 2517 2384 2546 ο
2469 2551 2470 2554 ¹

428 2570 578 2627 procul
606 2574 716 2620 este,
748 2571 942 2624 profani.
973 2571 1083 2613 Loin
1116 2570 1237 2620 d'ici,
1283 2571 1499 2624 profanes
1538 2571 1713 2625 (Virg.,
1743 2571 1870 2625 AEn.,
1895 2575 1963 2621 Vl,
1996 2572 2117 2625 258).
2154 2595 2205 2603 —
2249 2568 2385 2613 Silene

429 2633 528 2676 ivre
566 2639 639 2675 est
685 2628 854 2678 ctendu
879 2633 906 2680 ,a
936 2639 1079 2677 terre.
1117 2632 1251 2678 Serta
1276 2636 1445 2687 procul,
1467 2637 1637 2690 tautum
1670 2633 1810 2687 capiti
1844 2636 2041 2687 delapsa,
2063 2635 2290 2685 jacebant.
2315 2634 2384 2673 Ses
2468 2617 2470 2634 ’

432 2695 709 2749 guirlandes‚
737 2696 943 2739 tombees
972 2696 1029 2739 de
1045 2707 1095 2737 sa
1118 2695 1227 2745 tete,
1258 2695 1461 2748 gisaient
1492 2694 1515 2738 a
1539 2708 1617 2738 ses
1638 2696 1765 2737 cotes
1796 2695 1964 2750 (Virg.,
1996 2697 2176 2746 Bucol„
2207 2698 2275 2746 Vl,
2303 2693 2381 2746 16).

482 2760 596 2799 xlll.
621 2780 673 2789 —
715 2760 757 2801 1.
796 2758 981 2800 Audito.
1025 2758 1235 2801 Certains
1263 2757 1516 2810 participes
1549 2758 1711 2809 passes
1744 2757 1928 2807 (audito,
1958 2759 2152 2810 coquito,
2184 2757 2385 2804 nuntiato,
2457 2765 2466 2774 ·

430 2820 591 2868 edicto,
621 2821 862 2874 auspicata,
890 2821 1042 2875 litato)
1071 2821 1363 2873 s'emploient
1388 2819 1415 2862 a
1455 2819 1653 2862 l‘ablatit‘
1678 2819 1816 2862 d'une
1863 2820 1996 2874 sapon
2025 2818 2386 2874 impersonnelle,
2459 2847 2468 2872 .

432 2894 542 2924 avec
569 2892 664 2924 une
696 2884 973 2936 proposition
1004 2883 1282 2935 completive
1324 2887 1372 2925 et
1408 2882 1695 2936 quelquefois
1727 2883 1875 2924 meme
1928 2894 2039 2924 sans
2068 2881 2379 2936 complemeut.

433 2943 617 2987 Tribuni
647 2945 856 2994 melitum,
878 2957 957 2988 nec
976 2945 1218 2998 auspicata,
1249 2957 1330 2989 nec
1352 2944 1501 2994 litato,
1530 2945 1751 2986 iusti-nuuc
1780 2945 1937 2986 αωέηι.
1954 2977 1985 2987 ..
2010 2948 2126 2987 Sans
2159 2944 2282 2987 avoIr
2303 2940 2384 2995 pris

430 3010 500 3051 les
529 3006 764 3061 auspices,
800 3008 845 3049 ni
879 3007 1059 3050 sacrific
1090 3008 1449 3054 heureusement
1473 3008 1538 3054 (T.
1569 3006 1682 3058 Lm,
1709 3010 1760 3056 V,
1780 3008 1871 3060 38).
1915 3031 1967 3038 -—
1999 3008 2180 3060 Consul,
2209 3011 2386 3049 statoone
2469 3037 2470 3050 2

431 3068 621 3124 equitum
659 3069 715 3110 ad
736 3074 913 3122 portam
938 3070 1103 3123 posita,
1134 3069 1363 3123 edictoque
1399 3073 1461 3118 nt,
1492 3069 1745 3124 quicumque
1773 3069 1828 3110 ad
1869 3069 2035 3111 vallum
2084 3069 2298 3119 render-et,
2317 3075 2388 3119 pro

431 3133 557 3175 lto-ste
602 3130 849 3182 haberetur,
896 3132 1170 3185 sumentibus
1215 3132 1413 3174 obstitit.
1459 3135 1518 3174 Le
1566 3133 1745 3183 consul,
1788 3138 1931 3184 ayant
1980 3131 2122 3174 etabli
2176 3142 2234 3173 un
2277 3132 2389 3182 poste

433 3195 488 3238 de
513 3192 743 3237 cavaliers
772 3193 877 3247 pres
906 3196 962 3237 de
991 3196 1034 3236 la
1065 3199 1195 3248 porte
1223 3201 1269 3236 et
1291 3194 1372 3236 fait
1405 3195 1665 3248 proclamer
1686 3204 1777 3247 que
1803 3195 2065 3248 quiconque
2093 3206 2145 3236 se
2173 3187 2388 3244 diriget-ait

433 3267 539 3299 vers
576 3255 622 3298 le
663 3258 1034 3299 retranchement
1077 3258 1217 3299 serait
1250 3256 1494 3299 considere
1529 3267 1706 3299 comme
1736 3256 1937 3304 ennemi,
1978 3257 2194 3309 s'opposa
2232 3256 2256 3296 a
2306 3253 2388 3318 leur

434 3317 547 3360 ruite
576 3317 646 3372 (T.
683 3317 808 3371 Lim,
838 3321 1004 3371 x‚36).
1033 3342 1085 3350 -
1109 3321 1240 3362 cette
1272 3319 1588 3362 construction
1617 3318 1680 3361 du
1708 3317 1936 3372 participe
1975 3317 2117 3372 passe
2146 3321 2216 3360 est
2246 3325 2340 3357 rare
2368 3321 2388 3351 a

435 3379 644 3435 l’epoqu'c
669 3379 927 3433 classique.

486 3447 533 3488 2.
568 3444 752 3487 Movisse
784 3444 900 3492 seul,
921 3454 1099 3485 comme
1127 3444 1318 3487 movisse
1345 3447 1508 3487 castra.
1959 3468 1967 3477 ·

487 3507 534 3551 3.
565 3504 825 3555 Ecbatanis,
852 3505 1056 3550 Mediam.
1089 3508 1147 3545 La
1171 3506 1325 3560 Medic,
1356 3506 1613 3549 au·dessus
1642 3510 1699 3548 de
1732 3507 1774 3548 la
1804 3509 1960 3555 Perse,
1998 3504 2112 3548 etait
2143 3505 2309 3549 bornee
2333 3509 2380 3541 uu

436 3569 575 3609 N.-E.
603 3578 686 3621 par
708 3566 779 3610 les
800 3570 952 3610 monts
975 3567 1197 3619 Caspiens
1220 3567 1282 3620 (la
1311 3568 1478 3611 chaine
1502 3568 1560 3611 de
1591 3569 1842 3622 l'Elburz),·
1870 3579 1928 3611 au
1953 3570 2004 3613 Ν.
2035 3578 2119 3621 par
2148 3569 2339 3611 ruam:
2359 3560 2380 3600 ἃ
