2517 3975
174 453 241 507 15

182 897 246 954 16

183 1164 247 1221 17

188 1696 254 1749 18

189 2051 258 2107 19

191 2405 263 2459 20

199 2847 264 2902 21

297 240 401 295 112
1059 226 1118 298 ἀ.
1157 251 1332 290 cunm
1369 250 1506 289 nur-1

297 364 359 418 in
391 359 788 434 phalangem*
816 359 1039 416 invecti
1077 361 1271 415 erant'.
1311 357 1685 423 Macedones,
1718 355 2086 411 confirmatis
2125 357 2264 410 ani-

299 454 434 522 mis,
466 452 526 505 in
555 450 812 506 medium
842 464 1046 524 agmen
1079 449 1391 519 accipiunt.
1436 445 1602 501 Vallo
1642 446 1858 500 similis
1895 446 2054 500 acies
2084 451 2216 501 erat
2251 465 2264 504 :

291 541 610 612 junxerant
638 538 876 593 hastas*
898 539 956 593 et
983 537 1055 592 ab
1078 541 1332 606 utroque
1352 536 1532 590 latere
1563 538 1777 605 temere
1806 535 2271 591 incurrentium⁶

297 629 400 683 ilia
430 627 846 684 suffodiebant.
877 626 1201 681 Circumire
1223 624 1435 679 deinde
1465 622 1564 696 [et]
1593 640 1806 679 currus
1836 627 1891 679 et
1920 639 2271 697 propugna-

298 722 462 774 tores
492 716 859 788 praecipitare
890 715 1219 785 coeperunt.

270 798 325 861 ’ff
372 806 594 878 Ingens
622 807 795 860 ruina
826 819 1112 876 equorum
1143 803 1600 872 aurigarumque
1628 802 1812 856 aciem
1840 804 2273 874 compleverat.

303 896 380 950 Hi
411 897 650 950 territos
677 909 893 965 regere
923 909 1040 948 non
1072 893 1369 962 poterant,
1406 890 1527 959 qui,
1554 890 1763 945 crebra
1786 889 2112 961 jactatione
2141 908 2279 947 cer-

301 984 517 1051 vicum,
569 998 689 1038 non
726 982 937 1055 jugum
986 981 1157 1036 modo
1205 983 1609 1047 excusserant,
1662 979 1767 1034 sed
1823 980 2000 1034 etiam
2054 997 2279 1038 currus

306 1073 670 1137 everterant3
708 1071 1001 1125 vulnerati
1031 1068 1380 1124 interfectos
1410 1068 1739 1133 trahebant,
1784 1083 1893 1122 nec
1939 1070 2281 1126 consistere

304 1160 499 1215 territi
530 1174 639 1213 nec
667 1159 951 1231 progredi
980 1158 1208 1213 debiles
1232 1159 1525 1227 poterant.
1556 1157 1769 1211 Paucae
1799 1160 1994 1212 tamen
2024 1174 2283 1213 evasere

307 1249 611 1321 quadrigae
640 1248 702 1301 in
730 1248 996 1304 ultimam
1024 1247 1229 1313 aciem,
1263 1247 1355 1312 iia,
1388 1246 1607 1316 quibus
1645 1245 1995 1312 inciderant,
2025 1248 2285 1303 misera-

306 1337 414 1392 bili
443 1341 631 1392 morte
669 1336 1040 1407 consumptis
1075 1354 1089 1390 :
1134 1335 1348 1406 quippe
1378 1338 1674 1405 amputata
1702 1335 1978 1389 vivorum
2006 1330 2285 1391 membra

308 1425 472 1480 humi
496 1425 792 1498 jacebant,
826 1428 899 1493 et,
924 1427 1062 1496 quia
1089 1424 1299 1479 calidis
1330 1423 1519 1478 adhuc
1549 1423 1899 1478 vulneribus
1930 1424 2134 1479 aberat
2161 1425 2285 1479 do·-

309 1515 421 1583 lor,
454 1515 646 1568 trunci
677 1530 913 1585 quoque
942 1517 998 1567 et
1029 1513 1256 1567 debiles
1285 1512 1520 1583 quidam
1559 1527 1723 1565 arma
1759 1528 1878 1565 non
1907 1514 2281 1582 omittebant,

311 1604 517 1668 donec,
546 1603 728 1656 multo
760 1602 1052 1672 sanguine
1081 1598 1289 1666 effuse,
1328 1599 1642 1653 exanimati
1672 1599 2148 1669 procumberent.

383 1690 625 1744 Interim
655 1678 886 1754 AreteS,
916 1688 1284 1758 Scytharum,
1319 1689 1419 1756 qui
1450 1687 1866 1756 impedimenta
1894 1689 2282 1758 diripiebant,

313 1779 460 1832 duce
488 1778 706 1844 occiso,
741 1777 988 1846 gravius
1017 1777 1242 1830 territis
1272 1775 1546 1830 instabat.
1571 1774 1979 1845 Supervenere
2002 1777 2216 1832 deinde
2248 1795 2286 1832 a

318 1866 493 1921 Dario
533 1864 849 1930 Bactriani,
895 1880 1230 1937 pugnaeque
1281 1867 1513 1919 vertere
1563 1863 1871 1920 fortunam.
1915 1866 2080 1920 Multi
2129 1883 2282 1938 ergo

313 1955 701 2011 Macedonum
748 1954 936 2025 primo
984 1956 1206 2024 impetu
1254 1953 1455 2008 obtriti
1487 1957 1645 2019 sunt,
1676 1953 1880 2023 plures
1910 1955 1983 2012 ad
2013 1956 2283 2012 Alexan-

313 2047 487 2100 drum
534 2044 1102 2115 1‘efugerunt.7-‘Tum
1156 2043 1377 2108 Persae,
1428 2034 1684 2097 clam'ore
1730 2044 1986 2115 sublate,
2045 2048 2286 2116 qualum

315 2137 572 2190 victores
601 2135 796 2189 solent
823 2134 1017 2199 edere,
1050 2133 1323 2186 ferociter
1345 2132 1406 2185 in
1431 2132 1683 2200 hostem,
1707 2134 1880 2202 quasi
1900 2135 2121 2205 ubique
2145 2153 2287 2203 pro-

317 2225 601 2295 fligatum,
635 2224 1040 2277 incurrerunt.
1075 2221 1414 2275 Alexander
1442 2222 1681 2275 territos
1710 2221 2022 2293 castigare,
2058 2225 2287 2279 adhor-

317 2315 451 2384 tari,
483 2313 777 2384 proelium,
810 2312 965 2380 quod
993 2311 1114 2382 jam
1144 2310 1511 2380 elanguerat,
1546 2310 1713 2364 solus
1744 2312 2060 2366 accendere
2096 2327 2107 2365 :
2141 2329 2289 2369 con-

319 2403 685 2473 firmatisque
716 2400 948 2454 tandem
985 2399 1221 2464 animiS,
1274 2398 1360 2452 ire
1406 2399 1467 2451 in
1509 2398 1740 2452 hostem
1781 2399 1978 2470 jubet.
2028 2402 2290 2457 Rarior⁷

320 2491 479 2544 acies
501 2491 705 2546 eratin
725 2489 930 2542 dextro
954 2502 1140 2541 cornu
1163 2486 1506 2556 Persarum,
1529 2503 1781 2558 namque
1815 2489 1950 2542 iude
1983 2488 2292 2547 Bactriani

329 2576 726 2630 discesserant
768 2575 841 2628 ad
881 2572 1266 2644 opprimenda
1312 2574 1748 2644 impedimenta.
1793 2576 1993 2646 Itaque
2037 2580 2296 2633 Alexan-

321 2664 429 2718 der
476 2664 704 2719 laxatos
743 2664 987 2718 ordines
1032 2661 1258 2716 invadit
1298 2664 1354 2716 et
1399 2663 1581 2716 multa
1620 2664 1779 2717 caede
1816 2663 2076 2719 hostium
2113 2669 2292 2722 inve-

323 2752 502 2807 hstur.
1343 2769 1348 2774 ’

393 2840 468 2894 At
513 2840 616 2909 qui
652 2840 716 2893 in
760 2840 911 2895 laevo
952 2855 1141 2894 cornu
1179 2840 1348 2893 erant
1394 2838 1617 2907 Persae,
1666 2855 1771 2910 spe
1810 2856 1991 2910 posse
2020 2858 2158 2898 eum
2189 2846 2296 2899 in-

324 2927 529 2994 cludi⁸‚
557 2942 772 2999 agmen
803 2945 977 2984 suurn
1005 2946 1040 2984 a
1067 2931 1236 2999 tergo
1266 2927 1602 2981 dimicantis
1641 2934 1942 2999 opponunt
1983 2945 1996 2985 :
2038 2933 2299 3005 iugens-

378 3141 426 3185 6.
461 3138 990 3195 lucar-rentiumAEllipse
1036 3139 1099 3184 du
1148 3137 1400 3183 substantii
1450 3150 1664 3195 equorum.
1705 3142 1764 3184 lls
1806 3144 1988 3186 suivent
2027 3143 2074 3187 le
2110 3147 2298 3192 conseil

326 3201 491 3254 donne,
522 3205 593 3250 lv.
624 3212 728 3254 xiii,
754 3204 829 3248 33.

382 3270 428 3309 ’1.
463 3262 638 3308 Rarior.
662 3253 741 3307 Cf:
770 3264 901 3314 Vana,
930 3266 999 3314 IV,
1022 3275 1118 3317 xiv,
1148 3268 1255 3306 note
1280 3264 1327 3312 7.

379 3329 425 3371 8.
461 3324 544 3379 spe
563 3335 693 3379 posse
719 3335 815 3366 eum
834 3323 1022 3369 includi.
1050 3328 1113 3367 La
1141 3323 1423 3378 proposition
1452 3324 1675 3369 infinitive
1704 3325 1958 3372 construite
1989 3339 2104 3373 avec
2134 3342 2215 3387 ape
2246 3344 2299 3377 se

330 3392 492 3430 trouve
521 3384 549 3429 a
578 3385 787 3440 l'epoque
823 3384 1075 3439 classique.
1128 3386 1325 3438 Mannum
1351 3385 1397 3427 in
1424 3396 1544 3439 spem
1581 3387 1779 3431 veniebat
1810 3390 1904 3441 fore
1941 3390 2012 3433 uti
2039 3393 2302 3444 pertinacia

330 3449 565 3492 desisteret
585 3447 743 3504 (Caes.‚
768 3446 886 3489 Bell.
916 3445 1056 3494 Gall..
1086 3450 1118 3498 1,
1143 3446 1235 3506 42).
1274 3445 1325 3489 Si
1352 3447 1427 3501 qui
1446 3452 1637 3492 vestrum
1661 3461 1736 3503 spe
1753 3450 1934 3494 ducitur
1948 3463 2139 3506 sepo-sse
2161 3456 2299 3510 ieie„

333 3513 456 3614 ,ἔξω
477 3514 520 3613 1,1
527 3521 612 3626 )1x,
639 3509 729 3565 27).
759 3508 810 3552 Iu
836 3518 956 3562 spem
974 3509 1111 3562 venio,
1140 3507 1489 3565 appropinquare
1518 3514 1640 3557 tuum
1666 3511 1895 3556 adventum
1915 3514 2134 3569 (Cic-,Ad
2148 3518 2302 3574 Fam„

398 3606 408 3625 ,
435 3584 469 3626 ι,
552 3605 563 3617 .
