2517 3975
537 264 933 305 msromanmz
969 267 1305 307 ALEXANnm
1343 270 1404 318 v,
1444 270 1524 310 v1.
1915 250 2015 305 141

135 361 364 421 audebant
395 386 406 423 :
443 372 694 443 tandem,
724 388 867 442 rege
895 375 1154 430 tristitiae
1188 391 1427 431 causam
1473 375 1767 447 exigente,
1796 374 2022 431 Eucte-

133 466 231 507 mon
255 457 443 513 similia
473 461 565 529 iis,
609 479 739 534 quae
787 465 848 518 in
898 465 1149 521 consilio
1182 466 1434 535 dixerat,
1464 464 1797 536 respondit.
1832 463 2022 535 Atque

130 541 214 609 ille,
237 561 336 600 non
362 548 602 606 fortunae
642 554 837 608 solum
865 570 1091 623 eorum,
1123 556 1229 610 sed
1264 555 1441 609 etiam
1471 553 1883 626 paenitentiae⁸¹
1913 553 2024 608 mi-

131 633 293 701 sertus,
322 639 473 694 terna
515 641 700 695 millia
737 643 1046 698 denarium
1070 644 1091 666 *
1122 644 1378 717 singulis
1429 645 1556 699 dari
1582 643 1769 714 jussit
1803 661 1816 697 ε
1854 643 2022 697 denae

131 723 280 776 vestes
303 726 522 795 adjectae
553 732 711 798 sunt,
743 733 803 786 et
820 732 1104 786 'armenta
1132 748 1265 787 cum
1285 732 1604 802 pecoribus
1632 747 1697 788 ae
1726 731 2023 786 frumento

128 803 242 874 (1³¹8,
266 815 322 866 ut
352 815 458 870 ooli
494 818 729 888 serique
757 820 1075 874 attributus
1103 819 1180 875 iis
1210 836 1353 893 ager
1381 823 1611 891 posset.

859 1069 1108 1126 CAPUT
1148 1073 1224 1126 VI

317 1224 491 1276 Entree
521 1228 552 1277 a
587 1228 911 1292 Persepolis.
945 1257 1009 1267 —
1042 1231 1376 1282 Soumission
1411 1231 1504 1282 des
1538 1232 1769 1282 MardeS.

819 1369 1115 1426 (Printemps‚
1143 1372 1269 1426 330.)

172 1526 380 1587 Postero
423 1535 538 1604 die,
593 1540 954 1594 convocatos
1000 1539 1184 1595 duces
1231 1541 1539 1610 copiarum
1596 1541 1766 1594 docet
1808 1539 2030 1593 nullam

119 1611 439 1677 infestiorem·
467 1624 674 1679 urbem
699 1625 926 1680 Graecis
942 1642 1101 1693 esse,
1125 1643 1299 1698 quam
1320 1628 1570 1700 regiam¹
1601 1630 1868 1682 veterum
1886 1627 2030 1681 Per-

121 1702 230 1758 sidis
264 1723 477 1781 regum.
526 1714 683 1767 Hinc
728 1714 824 1768 illa
855 1716 1145 1770 immensa
1179 1717 1419 1787 agmina
1458 1717 1654 1771 infusa
1691 1735 1703 1771 :
1736 1717 1874 1771 hinc
1905 1715 2027 1770 Da-

118 1788 234 1846 rium
265 1798 440 1870 prius,
475 1800 616 1855 dein
645 1801 906 1857 Xerxem
933 1803 1188 1873 Europae
1211 1805 1454 1876 impium
1486 1806 1758 1860 intulisse
1787 1804 2028 1860 bellum.

117 1875 341 1940 Exscidio
381 1889 547 1945 illius
576 1892 1002 1959 parentandum
1033 1908 1170 1947 esse
1211 1893 1567 1964 maj0ribuS.
1605 1893 1853 1963 Jamque
1889 1894 2032 1948 bar-

117 1965 228 2040 bari,
255 1974 475 2034 deserto
528 1979 765 2050 oppido,
799 1997 912 2052 qua
942 1998 1234 2053 quemque
1270 1988 1465 2038 metus
1511 1983 1739 2054 agebat,
1781 1980 2036 2053 diffuge-

116 2064 238 2129 rant,
272 2081 394 2121 cum
433 2085 546 2124 rex
584 2070 937 2143 phalangem
958 2070 979 2092 *
1007 2071 1155 2124 nihil
1201 2074 1507 2126 cunctatus
1546 2071 1789 2126 inducit.
1821 2069 2036 2123 Multas

118 2148 258 2206 urbes
296 2155 538 2214 refertas
584 2160 882 2228 opulentia
929 2160 1092 2231 regia
1122 2162 1335 2228 partim
1386 2160 1851 2238 expugnayerat,
1906 2173 2038 2228 par-

114 2234 191 2290 tim
232 2242 286 2296 in
327 2244 504 2301 fldem
564 2250 898 2319 acceperat,
954 2248 1057 2302 sed
1116 2248 1284 2302 urbis
1340 2248 1563 2301 divitiae
1619 2246 1801 2319 hujus
1839 2246 2036 2301 vicere

115 2331 378 2389 praeterita.
634 2350 643 2356 ’
1534 2377 1537 2386 ·

163 2415 214 2470 In
261 2418 410 2478 hanc
464 2424 650 2480 totius
709 2424 981 2479 Persidis
1049 2440 1192 2495 opes
1245 2427 1674 2496 congesserant
1728 2422 1970 2478 barbari
2020 2440 2033 2478 :

115 2512 277 2560 aurum
296 2517 727 2583 argentumque
755 2513 1115 2567 cumulatum
1137 2517 1280 2581 erat,
1297 2514 1515 2568 vestis²
1534 2515 1752 2585 ingens
1772 2512 2034 2583 modus⁸,

114 2595 332 2661 supellex
359 2617 481 2656 non
515 2601 590 2655 ad
620 2617 813 2669 usum,
846 2603 953 2657 sed
988 2602 1062 2656 ad
1106 2604 1558 2658 ostentationem
1588 2603 1766 2656 luxus
1796 2617 2037 2672 compa-

114 2681 218 2738 rata.
259 2684 459 2758 Itaque
510 2690 666 2743 inter
711 2691 879 2759 ipsos
921 2689 1183 2745 victores
1233 2690 1392 2745 ferro
1442 2690 1878 2744 dimicabatur:
1924 2705 2035 2761 pro

145 2881 202 2931 31.
229 2885 510 2935 Paenitentix
538 2902 718 2935 comme
737 2890 942 2946 pudoris.

108 2945 196 3046 ΝΠ.
213 2970 262 2982 -
287 2954 328 2996 ¹.
362 2952 566 3008 Reoiam,
591 2955 708 2999 dans
733 2956 912 2998 le'sens
936 2955 995 2998 de
1027 2953 1251 2998 resideam
1275 2954 1443 3009 royale,
1486 2953 1700 3021 ικῃυὶιαὶει
1720 2955 1839 2998 n'est
1869 2962 1954 3008 pas
1978 2950 2037 2995 de

148 3018 272 3064 voque
288 3015 530 3070 classique

142 3067 364 3128 Persepolis
392 3076 513 3121 etait
539 3078 661 3122 sitne
685 3078 800 3122 dans
824 3078 870 3121 la
890 3078 1040 3122 vallea
1071 3078 1128 3121 de
1157 3079 1340 3122 l'Araxe
1363 3075 1682 3133 (Remi-Emit),
1708 3076 1815 3131 pres
1844 3077 1901 3121 de
1924 3077 2040 3120 Γοα-

108 3125 190 3196 droit
208 3132 260 3180 οὺ
284 3148 338 3183 ce
358 3140 519 3184 fleuve
553 3140 696 3195 recoit
730 3140 775 3183 le
799 3139 956 3184 medus
987 3140 1171 3197 (Polvar
1194 3153 1253 3184 ou
1290 3142 1518 3195 Poulvar).
1547 3140 1584 3183 11
1613 3145 1738 3184 reste
1762 3139 1843 3183 des
1873 3137 2038 3182 ruinas

107 3200 361 3259 “prox-tantos
387 3203 475 3247 des
524 3202 667 3257 palais
709 3202 830 3246 batis
860 3214 944 3257 par
976 3204 1045 3246 les
1091 3202 1279 3256 princes
1317 3202 1663 3256 achemenides‚
1695 3201 1777 3245 des
1814 3206 2039 3245 taureanx

111 3254 201 3309 asts,
222 3261 300 3307 des
328 3265 572 3320 colonnes,
603 3266 682 3309 des
711 3265 890 3320 muers,
931 3265 1014 3309 des
1044 3271 1218 3320 portes.
1245 3267 1315 3309 On
1357 3264 1451 3309 voit
1480 3266 1595 3309 dans
1622 3266 1667 3308 la
1693 3268 1937 3317 montagne
1963 3260 2039 3306 les

113 3320 296 3370 ‘sstmisses
320 3325 462 3371 faites
486 3338 605 3383 pour
628 3328 699 3371 les
724 3329 971 3371 tombeaux
1004 3329 1087 3371 des
1111 3330 1383 3372 souverains
1404 3326 1686 3384 (Persepolis
1710 3331 1757 3369 et
1785 3322 2038 3377 Pasargade

115 3373 237 3447 a{hient
254 3389 321 3432 les
345 3390 478 3434 deux
509 3389 642 3433 vines
679 3386 740 3434 οὺ
770 3391 862 3433 l'on
890 3390 1114 3434 enterrait
1153 3391 1222 3433 les
1248 3389 1390 3446 rois);
1416 3390 1501 3436 des
1525 3387 1828 3443 inscriptions
1856 3397 1916 3429 en
1937 3384 2042 3428 font

119 3433 227 3495 ΝΜ.
249 3449 423 3503 Rectus,
449 3455 527 3502 IX,
555 3452 673 3507 266).

150 3506 174 3546 2
198 3507 342 3570 Vereis,
369 3513 608 3569 singulier
630 3526 689 3558 au
712 3524 824 3558 sens
853 3512 1078 3558 collectis.

148 3565 176 3611 ³.
196 3571 332 3620 flodus
359 3587 547 3620 comme
566 3577 711 3631 copia.

2075 459 2145 515 24

2086 1539 2114 1594 1

2088 1895 2123 1949 2
