2517 3975
215 658 284 713 15

220 1277 287 1334 16

223 1457 287 1510 17

222 1722 291 1777 18

226 1898 292 1954 19

335 261 406 317 68
1093 280 1160 349 Q..
1193 279 1362 318 cuna-1
1400 279 1538 318 nur-1

335 386 505 458 injici
535 384 727 458 jubet.
778 387 888 441 His
931 401 1040 457 per
1080 402 1389 457 praecones
1436 387 1856 456 pronuntiatiS,
1892 401 2064 443 nemo
2107 391 2304 444 tamen

337 478 602 530 armatus
639 491 811 546 opem
842 493 875 530 a
903 476 998 542 dis
1039 478 1241 547 petere
1274 477 1608 532 sustinuit¹¹
1649 494 1663 532 ε
1704 477 1876 547 pueri
1914 476 2308 550 virginesque

335 564 550 635 templa
579 564 1046 636 compleverant,
1085 566 1201 619 viri
1245 565 1309 619 in
1338 564 1636 620 vestibulo
1676 581 1919 619 suarum
1948 565 2200 636 quisque
2230 582 2311 621 ee·

338 653 498 707 dium
527 652 779 720 stabant,
801 656 1005 723 parata
1032 652 1423 709 saevientibus
1447 652 1640 708 turba.
1681 652 1884 707 Multis
1905 656 2101 708 tamen
2130 654 2314 708 saluti

337 741 506 796 fuere
555 739 806 808 Sidonii,
866 742 966 812 qui
1014 742 1169 796 intra
1216 741 1604 796 Macedonum
1648 741 1980 811 praesidia¹⁸
2008 744 2201 797 erant.
2235 742 2316 796 Hi

337 830 549 899 urbem
595 830 834 901 quidem
871 832 1027 886 inter
1056 834 1316 887 victores
1354 832 1742 897 intraverant,
1790 830 1899 886 sed
1930 830 2315 902 cognationis

339 935 472 975 cum
501 919 695 990 Tyriis
732 935 1037 975 memores·
1075 950 1144 961 —
1193 921 1412 992 quippe
1460 923 1770 990 utramque
1817 917 2027 974 urbem
2071 917 2315 991 Ageno-

336 1007 516 1063 rem¹⁸
555 1007 891 1064 condidisse
920 1008 1241 1064 credebant
1268 1040 1339 1049 —-
1374 1009 1592 1063 multos
1620 1008 1952 1077 Tyriorum,
1991 1009 2136 1062 clam
2171 1024 2316 1078 pro-

339 1099 632 1168 tegenteS,
685 1096 759 1150 ad
805 1112 914 1152 sua
967 1098 1301 1167 perduxere
1346 1097 1600 1170 navigia,
1635 1097 1852 1167 quibus
1897 1096 2171 1152 occultati
2218 1095 2316 1151 Si-

342 1184 496 1239 dona
543 1184 774 1240 devecti
819 1187 981 1240 sunt.
1013 1203 1096 1240 xv
1132 1187 1318 1240 millia
1369 1187 1481 1241 hoc
1526 1184 1684 1240 furto
1730 1184 2019 1240 subducta
2065 1185 2314 1239 saevitiae

342 1276 500 1328 sunt.
533 1273 943 1344 Quantumque
992 1276 1309 1347 sanguinis
1356 1274 1560 1330 fusum
1603 1273 1699 1341 sit,
1749 1275 1845 1329 vel
1886 1289 1961 1328 ex
2007 1276 2119 1329 hoc
2147 1274 2319 1328 aesti-

341 1363 487 1416 mari
516 1367 728 1434 potest,
771 1364 927 1434 quod
958 1365 1117 1418 intra
1157 1364 1524 1418 munimenta
1551 1363 1719 1417 urbis
1751 1380 1812 1416 v1
1844 1362 2026 1416 millia
2055 1364 2317 1417 armato·

341 1467 474 1505 rum
511 1452 798 1507 trucidata
835 1457 993 1506 sunt.
1043 1452 1239 1507 Triste
1280 1452 1506 1507 deinde
1538 1451 1939 1522 spectaculum
1984 1450 2319 1506 victoribus

343 1541 432 1593 ira
476 1540 734 1609 praebuit
763 1541 948 1613 regis.
979 1558 1021 1594 11
1050 1540 1251 1609 millia,
1285 1542 1350 1596 in
1377 1541 1598 1612 quibus
1645 1539 1987 1596 occidendis
2018 1538 2320 1595 defecerat

343 1628 567 1694 rabieS,
588 1629 867 1683 crucibus
889 1629 909 1650 *
939 1628 1151 1683 affixi¹‘
1178 1645 1288 1700 per
1304 1630 1526 1701 ingens
1554 1629 1772 1685 littoris
1810 1628 2070 1699 spatium
2098 1643 2321 1698 pepen-

345 1715 577 1770 derunt.
607 1713 1192 1788 Carthaginiensium
1218 1717 1431 1789 legatis
1461 1718 1747 1789 pepercit,
1772 1716 1972 1771 addita
2002 1715 2321 1772 denuntia-

345 1804 503 1858 tione
529 1802 689 1871 belli,
722 1804 877 1874 quod
905 1806 1291 1873 praesentium
1336 1821 1534 1861 rerum
1582 1808 1913 1861 necessitas
1958 1807 2320 1860 moraretur.

419 1892 677 1962 Tyro-²3¹⁸,
738 1893 988 1963 septimo
1038 1908 1244 1948 mense
1291 1895 1519 1965 quam¹⁰
1556 1894 1893 1966 oppugnari
1941 1894 2125 1964 coepta
2166 1897 2317 1960 erat,

347 1982 516 2051 capta
544 1981 656 2050 est,
687 1979 830 2035 urbs
861 1982 918 2036 et
948 1983 1238 2037 vetustate
1284 1981 1540 2055 originis
1568 1983 1627 2038 et
1672 1981 1881 2037 crebra
1925 1979 2182 2036 fortunae
2213 1997 2322 2035 va-

346 2069 551 2124 rietate
580 2070 652 2125 ad
679 2071 1025 2126 memoriam
1052 2071 1423 2146 posteritatis
1450 2071 1729 2143 insignis
1758 2070 2010 2126 Condita
2036 2069 2109 2125 ab
2153 2067 2323 2141 Age-

349 2173 513 2224 nore,
548 2159 649 2212 diu
667 2174 849 2223 mare,
874 2175 993 2214 non
1012 2159 1278 2214 vicinum
1297 2160 1494 2228 modo,
1528 2160 1632 2215 sed
1654 2160 2063 2231 quodcumque
2085 2157 2321 2213 classes

350 2247 533 2319 ejus¹⁷
570 2248 861 2318 adierunt,
894 2249 1199 2304 dicionis¹⁸
1231 2265 1357 2303 suae
1400 2248 1559 2304 fecit.
1593 2248 1683 2319 Et,
1717 2249 1774 2304 si
1803 2247 1978 2302 famae
2017 2246 2164 2302 libet
2192 2262 2327 2302 cre-

404 2416 477 2460 11.
509 2413 731 2459 Sustinuit
745 2417 917 2470 petere.
954 2413 1181 2458 Sec-ttinere
1200 2413 1269 2468 (se
1302 2411 1517 2467 resignet
1546 2412 1610 2468 a).
1635 2413 1672 2456 11
1701 2423 1753 2456 se
1781 2417 1941 2458 trouve
1979 2413 2093 2457 dans
2122 2412 2323 2457 ciceron

352 2477 573 2533 (Verr.,'1‚
594 2478 681 2531 1Ο);
702 2478 835 2529 mais,
850 2487 910 2520 en
941 2475 1118 2525 realite.
1146 2476 1181 2518 il
1207 2480 1281 2518 est
1300 2475 1516 2529 poetique
1539 2480 1586 2519 et
1617 2475 1878 2528 posterieur
1906 2474 1933 2519 a
1960 2477 2169 2529 Auguste
2193 2484 2204 2517 ε
2226 2475 2322 2519 Non

352 2538 579 2593 impositos
596 2540 811 2592 supremis
840 2538 1008 2592 ionibus
1029 2542 1152 2582 artus
1178 2537 1399 2581 Sustinuit
1416 2542 1617 2592 spectare
1644 2549 1827 2593 parens.
1853 2540 1914 2581 Ne
1932 2543 2015 2594 put
2046 2538 2261 2581 seutenir
2280 2537 2328 2581 la

352 2610 445 2645 vue
465 2600 543 2644 de.
557 2634 570 2647 .
584 2632 597 2645 .
626 2601 805 2655 (ovida,
823 2601 954 2655 Met„
973 2602 1084 2655 xlll,
1114 2600 1234 2655 584).

407 2662 477 2705 12.
512 2662 744 2718 Praesidia,
769 2665 838 2707 les
861 2662 1150 2710 auxiliaires.

407 2723 479 2767 13.
512 2724 765 2777 Aoenorem.
796 2725 990 2779 Agenor,
1037 2726 1159 2769 frere
1205 2725 1263 2768 de
1293 2725 1489 2768 Cadmus
1527 2728 1572 2768 et
1617 2724 1859 2780 &Eut-ope,
1907 2725 2016 2769 etait
2074 2724 2332 2770 considere

354 2796 533 2830 comme
552 2787 595 2829 le
620 2786 862 2832 fondateur
888 2789 945 2832 de
962 2787 1101 2832 Sidon
1129 2792 1174 2831 et
1195 2788 1252 2831 de
1275 2790 1381 2842 Tyr,
1403 2793 1451 2830 et
1472 2798 1556 2842 par
1576 2787 1698 2831 suite
1722 2788 1754 2830 il
1784 2788 1898 2831 etait
1918 2799 1982 2832 un
1997 2787 2082 2833 des
2106 2790 2335 2833 ancetres

353 2849 411 2893 de
438 2848 609 2902 Didon;
639 2850 697 2892 de
713 2848 759 2893 la
787 2850 956 2904 Virgile
983 2862 1011 2894 a
1032 2862 1097 2904 pu
1120 2851 1314 2905 appeler
1340 2849 1563 2906 Carthago
1586 2850 1714 2893 aussi
1741 2849 1789 2893 la
1805 2849 1918 2893 ville
1937 2850 2183 2905 d'Agenor.
2209 2854 2336 2907 Aac·

354 2912 478 2954 noris
497 2911 598 2954 urbe
626 2911 770 2966 (AEn.,
799 2916 830 2964 1,
861 2913 981 2967 338).

407 2974 479 3018 14.
514 2974 604 3018 Duo
624 2973 771 3019 millia
806 2976 954 3031 affixi.
993 2976 1171 3021 Accord
1211 2985 1329 3020 avec
1356 2973 1493 3020 l’idee
1519 2967 1672 3028 plutsst
1696 2974 1888 3029 qu'avec
1916 2976 1961 3019 le
1984 2980 2107 3020 mot.
2154 2976 2230 3020 Cf.
2259 2980 2340 3032 111,

354 3045 407 3088 11,
436 3041 543 3081 note
571 3040 643 3083 1¹.

406 3099 483 3144 15.
518 3099 672 3153 Tyros.
701 3099 867 3151 Quinte
886 3102 1034 3146 Curce
1060 3112 1120 3145 ne
1147 3100 1387 3155 distingue
1416 3110 1499 3155 pas
1526 3098 1787 3143 l'ancienne
1813 3103 1906 3155 Tyr
1928 3101 1986 3144 de
2012 3100 2060 3145 la
2080 3103 2335 3148 nouvelle.

409 3164 484 3207 16.
514 3160 709 3216 Septimo
734 3174 878 3206 mense
896 3174 1039 3218 quam,
1056 3174 1237 3208 comme
1260 3167 1505 3219 postquam.
1539 3165 1621 3207 Cet
1648 3163 1820 3216 emploi
1855 3163 1912 3207 de
1940 3174 2065 3218 quam
2092 3169 2170 3208 est
2198 3176 2346 3208 assez

356 3223 594 3278 frequent.
627 3225 749 3267 Anno
789 3226 1087 3271 trecentesimo
1112 3227 1254 3270 altero
1282 3237 1408 3281 quam
1433 3224 1566 3269 Roma
1606 3224 1784 3268 condita
1808 3228 1894 3280 eet,
1932 3226 2097 3269 iterum
2136 3231 2345 3271 'natatur

355 3289 497 3342 forma
524 3286 747 3331 civitatis.
764 3286 870 3331 L'an
898 3288 976 3333 301
999 3287 1119 3332 dela
1148 3288 1388 3334 fondation
1412 3287 1470 3332 de
1489 3292 1673 3331 Rome..
1689 3319 1701 3332 .
1726 3287 1792 3341 (T.
1822 3288 1940 3343 Lim,
1969 3291 2041 3341 111,
2068 3289 2162 3343 33).

411 3351 488 3395 17.
519 3348 694 3393 Classes
713 3352 832 3404 ejus.
858 3349 1080 3404 L’emploi
1098 3351 1155 3395 de
1184 3353 1225 3396 ia
1252 3350 1378 3395 n’est
1395 3362 1481 3406 pas
1497 3349 1711 3404 nature13
1742 3361 1802 3394 on
1821 3351 2072 3395 attendrait
2089 3363 2220 3396 auus.

414 3416 481 3459 18.
517 3412 708 3456 Dinonis
726 3423 817 3456 euae
850 3413 977 3466 fecit.
1011 3412 1186 3457 Genitir
1209 3416 1267 3457 de
1300 3414 1570 3469 possession
1597 3411 1752 3464 quise
1780 3414 2007 3459 construit
2044 3425 2161 3458 avec
2192 3414 2342 3469 facio,

360 3485 539 3520 comme
563 3485 678 3518 avec
712 3487 806 3519 sum
847 3480 894 3518 ct
920 3476 997 3529 fio.
1045 3475 1129 3518 Hic
1160 3487 1315 3519 versus
1362 3475 1517 3521 Plauti
1554 3486 1637 3519 non
1674 3478 1758 3527 esa·
1786 3486 1840 3519 ce
1868 3486 1971 3520 vers
2002 3476 2120 3520 n‘cst
2151 3488 2236 3531 pas
2273 3476 2346 3522 de

362 3537 519 3580 Plaute
561 3536 701 3591 (Cim,
738 3536 926 3589 Famil„
956 3539 1029 3588 lx,
1058 3536 1148 3590 15).
1187 3537 1338 3581 Thebae
1361 3537 1512 3593 populi
1552 3537 1720 3581 romani
1767 3537 1875 3581 belli
1894 3539 2002 3590 jure
2034 3539 2171 3592 sactae
2199 3543 2340 3585 eunt.

364 3599 543 3644 Thebes
572 3599 727 3644 tomba
750 3609 809 3643 au
844 3597 1036 3654 pouvoir
1063 3597 1146 3643 des
1178 3600 1391 3644 Romains
1421 3610 1503 3653 par
1540 3600 1585 3644 ie
1614 3599 1738 3644 droit
1763 3601 1822 3645 de
1852 3600 1898 3646 la
1926 3611 2093 3655 guerre
2117 3601 2188 3655 (T.
2208 3599 2346 3657 Lim,
