2517 3975
670 213 1064 251 msa-ommuni
1102 214 1434 252 Ati-xantum
1473 216 1532 266 v,
1573 216 1632 250 x.
2033 198 2130 252 151

180 321 434 374 omnium
475 320 701 386 animiS,
751 321 954 375 eodem
1012 322 1073 374 in
1132 323 1263 376 loco
1315 321 1597 376 substitit.
1642 320 1759 375 Sed
1808 321 2137 375 attonitus¹³

178 409 445 463 maestitia
476 410 651 464 simul
680 414 736 465 et
764 411 1173 480 desperatione
1202 410 1586 466 tabernaculo
1617 425 1684 464 se
1713 409 1974 464 inclusit.

236 498 400 570 Ergo
450 499 509 552 in
553 500 786 569 eastris,
835 516 969 571 quae
1019 499 1242 554 nullius
1281 500 1643 571 regebantur
1686 500 1955 571 imperiO,
1987 501 2139 555 varii

177 588 504 641 animorum
542 593 735 643 motus
775 594 961 652 erant,
995 606 1101 644 uec
1130 590 1191 643 in
1221 605 1552 655 commune,
1584 592 1647 643 ut
1675 592 1830 658 ante,
1862 590 2138 644 consule*

176 677 359 732 batur.
394 678 526 731 Dux
556 678 895 733 Graecorum
924 679 1192 747 miiitum,
1241 681 1478 749 Patron,
1525 694 1939 749 arma.oapere
1994 695 2139 733 suos

173 765 353 836 jubet,
394 771 752 838 paratosque
793 784 926 823 esse
971 770 1043 823 ad
1074 769 1511 841 exsequendum
1542 769 1855 838 imperium
1890 786 1903 822 t
1938 769 2138 824 Persae

177 865 546 911 secesserant
607 875 619 910 :
686 858 907 912 Bessus
971 874 1106 912 eum
1159 858 1490 912 Bactrianis
1545 860 1703 925 erat,
1764 856 2139 928 tentabatque

176 945 388 999 Persas
429 946 721 1001 abducere
737 947 796 1015 ¹⁴,
846 946 1053 1001 Bactra
1093 950 1151 1001 et
1195 946 1422 1001 intactae
1473 947 1745 1018 regionis
1786 945 2139 1015 opulenta¹⁵,

170 1033 485 1104 simulque,
528 1050 657 1104 quae
715 1035 1091 1088 manentibus
1136 1035 1447 1102 instarent,
1499 1034 1759 1105 pericula
1805 1036 2136 1088 ostentans

177 1120 485 1176 Persarum
530 1123 791 1175 omnium
830 1123 1032 1176 eadem
1082 1121 1204 1176 fere
1237 1122 1347 1177 fuit
1387 1138 1524 1189 vox,
1558 1121 1725 1176 nefas
1776 1136 1913 1177 esse
1943 1121 2139 1176 deseri

177 1226 389 1282 regem.
425 1211 580 1265 Inter
611 1212 740 1266 haee
766 1213 1097 1266 Artabazus
1145 1212 1422 1266 omnibus
1470 1211 1871 1280 imperatoriis
1919 1209 2138 1281 funge-

177 1300 342 1357 batur
390 1299 601 1355 officiis
649 1319 660 1354 z
711 1301 810 1355 ille
856 1301 1177 1355 Persarum
1207 1300 1589 1356 tabernacula
1632 1300 1965 1366 circumire,
1995 1299 2142 1355 hor—

177 1390 300 1454 tari,
334 1404 574 1443 monere
604 1406 761 1445 nunc
801 1389 1093 1460 singuIOS,
1130 1405 1289 1443 nuno
1331 1389 1653 1443 universos
1691 1404 1813 1442 non
1842 1392 1975 1441 ante
2004 1386 2138 1443 des-

178 1477 300 1543 titit,
333 1493 505 1547 quam
535 1478 680 1532 satis
712 1480 1009 1532 constaret
1037 1466 1323 1548 imperata
1351 1477 1617 1532 facturos
1632 1478 1689 1530 ¹⁰.
1724 1476 1882 1531 Idem
1913 1492 2074 1548 aegre
2104 1492 2137 1529 a

178 1565 346 1620 Dario
375 1567 732 1638 impetravit,
759 1571 821 1621 ut
851 1567 1047 1621 eibum
1076 1571 1311 1637 caperet
1335 1567 1708 1637 animumque
1725 1565 1907 1620 rebus
1930 1565 2137 1620 adver-

179 1654 344 1712 teret.

977 1865 1227 1920 CAPUT
1270 1865 1325 1919 X

587 2034 832 2098 Complot
864 2033 926 2084 de
962 2036 1160 2084 Bessus
1196 2041 1244 2084 et
1280 2036 1342 2084 de
1377 2036 1703 2084 Nabarzane.

1018 2172 1132 2233 (ste,
1157 2176 1283 2231 330.)

243 2359 311 2414 At
346 2361 577 2415 Bessus
615 2361 670 2414 et
706 2358 1083 2412 Nabarzanes
1113 2357 1286 2411 olim⁴
1328 2357 1612 2429 agitatum
1653 2355 1855 2411 scelus
1886 2356 2132 2427 exsequi

183 2450 447 2515 statuunt,
491 2448 661 2518 regni
689 2447 1004 2516 cupiditate
1053 2446 1290 2500 accensi
1323 2463 1335 2499 ε
1382 2445 1560 2499 Dario
1594 2448 1788 2498 autem
1824 2444 2129 2512 incolumi,

185 2537 358 2590 tantas
389 2552 536 2605 opes
566 2551 806 2605 sperare
835 2550 959 2589 non
996 2536 1294 2605 poterant.
1331 2532 1558 2604 Quippe
1596 2534 1656 2586 in
1695 2532 1817 2586 illis
1849 2532 2130 2604 gentibus

184 2639 370 2696 regum
424 2626 638 2680 eximia
693 2624 973 2696 maJestas
1018 2628 1107 2679 est
1166 2642 1179 2678 :
1230 2624 1304 2678 ad
1350 2638 1566 2677 nomen
1597 2622 1857 2694 quoque²
1893 2622 2134 2677 barbari

186 2715 546 2781 conveniunt,
578 2718 633 2768 et
663 2713 964 2785 pristiuae³
1003 2713 1305 2767 veneratio
1333 2711 1586 2768 fortunae
1616 2713 1888 2782 sequitur
1918 2712 2132 2766 adven-

187 2815 318 2857 sam.
348 2803 591 2858 Inflabat
630 2804 847 2873 impios
878 2802 1108 2857 animos
1145 2802 1317 2872 regio
1357 2802 1453 2855 eui
1481 2804 1796 2871 praeerant,
1828 2801 2012 2855 armis
2040 2801 2133 2854 vi-

188 2890 369 2961 risque
413 2896 470 2948 et
529 2893 719 2962 spatio
769 2892 1028 2946 locorum
1068 2891 1216 2945 nulli
1257 2906 1463 2946 earum
1495 2890 1759 2963 gentium
1789 2890 2079 2946 secunda*
2114 2908 2125 2944 ε

237 3121 296 3164 13
326 3124 552 3169 Attonitus
571 3135 599 3167 a
620 3122 679 3167 ici
709 3133 774 3166 un
789 3132 900 3166 sens
923 3120 1018 3166 tres
1045 3120 1153 3175 fort,
1177 3131 1263 3164 son
1283 3131 1393 3164 sens
1420 3117 1769 3174 etymologique
1797 3120 1853 3163 ad
1876 3124 2052 3164 tonare.

238 3187 294 3227 14.
322 3186 497 3231 Tentare
525 3191 597 3229 est
619 3187 727 3239 plus
748 3184 1089 3239 frequemment
1115 3182 1349 3227 construit
1373 3193 1488 3226 aveo
1518 3186 1585 3226 ut.
1616 3182 1682 3226 cf.
1706 3186 1776 3236 lv,
1806 3194 1839 3236 1,
1866 3188 1976 3227 note
2002 3183 2073 3227 48.

239 3247 299 3289 15.
331 3247 550 3303 opulenta,
567 3247 759 3301 adiectis
779 3251 947 3298 neutre
971 3256 1086 3289 aveo
1114 3255 1177 3288 un
1209 3244 1379 3300 genitis
1397 3243 1594 3297 partitif.
1625 3244 1695 3289 Cf.
1724 3247 1796 3291 111.
1818 3256 1896 3296 vn,
1924 3250 2031 3287 note
2052 3250 2122 3288 11.

240 3310 299 3354 16.
329 3308 542 3363 Fertur-os,
571 3310 736 3363 ellipse
763 3309 825 3353 du
842 3309 966 3363 sujet
991 3307 1108 3356 dela
1134 3306 1418 3362 proposition
1445 3305 1677 3350 infinitive
1697 3317 1788 3349 eos.

241 3369 282 3409 X·
302 3373 414 3417 —1.
445 3373 572 3422 Olim.
601 3372 670 3417 Cf.
690 3375 741 3427 V,
766 3384 814 3422 v,
837 3376 946 3414 note
962 3373 1032 3414 15.

242 3433 279 3472 2.
308 3432 362 3474 Ad
382 3446 526 3477 nomen
544 3446 708 3490 quoque
726 3445 902 3477 comme
931 3433 986 3476 ad
1012 3443 1167 3475 nomen
1185 3431 1342 3487 solum,
1360 3443 1418 3474 au
1442 3431 1544 3475 seul
1565 3442 1674 3476 nom
1703 3428 1817 3472 dela
1838 3428 2049 3483 royaute.

246 3491 283 3533 3.
312 3494 522 3557 Pristinae,
554 3496 852 3541 c’est-a-dire
868 3506 1096 3550 prosperat
1112 3494 1324 3545 fortunae.
2118 3548 2126 3556 ι

250 3555 285 3598 4.
313 3553 507 3615 Secunda,
523 3571 638 3614 pour
669 3560 840 3610 cedem,
860 3557 1159 3613 posthabenda
1187 3561 1260 3600 est
1292 3556 1528 3612 poetique.
1566 3556 1738 3598 Turnus
1768 3564 1861 3605 eoo,
1904 3550 2017 3593 haud
2039 3549 2124 3592 ulle

2196 504 2264 558 14

2197 684 2265 741 15

2197 862 2266 916 16

2196 1219 2263 1272 17
