<?xml version="1.0" encoding="UTF-8"?>
<!DOCTYPE html PUBLIC "-//W3C//DTD XHTML 1.0 Transitional//EN"
    "http://www.w3.org/TR/xhtml1/DTD/xhtml1-transitional.dtd">
<html xmlns="http://www.w3.org/1999/xhtml" xml:lang="en" lang="en">
 <head>
  <title>
</title>
<meta http-equiv="Content-Type" content="text/html;charset=utf-8" />
  <meta name='ocr-system' content='tesseract 3.04.00' />
  <meta name='ocr-capabilities' content='ocr_page ocr_carea ocr_par ocr_line ocrx_word'/>
</head>
<body>
  <div class='ocr_page' id='page_1' title='image "./qcurtirufihisto00brelgoog_0090.png"; bbox 0 0 2517 3975; ppageno 0'>
   <div class='ocr_carea' id='block_1_1' title="bbox 369 227 1576 286">
    <p class='ocr_par' dir='ltr' id='par_1_1' title="bbox 369 227 1576 286">
     <span class='ocr_line' id='line_1_1' title="bbox 369 227 1576 286; baseline -0.007 -2"><span class='ocrx_word' id='word_1_1' title='bbox 369 227 441 284; x_wconf 79' lang='lat' dir='ltr'>6ss</span> <span class='ocrx_word' id='word_1_2' title='bbox 1135 241 1189 286; x_wconf 83' lang='lat' dir='ltr'>Q.</span> <span class='ocrx_word' id='word_1_3' title='bbox 1231 240 1402 279; x_wconf 65' lang='lat' dir='ltr'>cuna-1</span> <span class='ocrx_word' id='word_1_4' title='bbox 1440 239 1576 277; x_wconf 74' lang='lat' dir='ltr'>num</span> 
     </span>
    </p>
   </div>
   <div class='ocr_carea' id='block_1_2' title="bbox 369 347 2362 2101">
    <p class='ocr_par' dir='ltr' id='par_1_2' title="bbox 369 347 2362 953">
     <span class='ocr_line' id='line_1_2' title="bbox 372 347 2342 414; baseline -0.002 -7"><span class='ocrx_word' id='word_1_5' title='bbox 372 353 529 408; x_wconf 82' lang='lat' dir='ltr'>eirca</span> <span class='ocrx_word' id='word_1_6' title='bbox 573 365 785 405; x_wconf 84' lang='lat' dir='ltr'>muros</span> <span class='ocrx_word' id='word_1_7' title='bbox 823 350 1004 404; x_wconf 89' lang='lat' dir='ltr'>unius</span> <span class='ocrx_word' id='word_1_8' title='bbox 1050 348 1222 404; x_wconf 86' lang='lat' dir='ltr'>urhis</span> <span class='ocrx_word' id='word_1_9' title='bbox 1258 347 1546 414; x_wconf 76' lang='lat' dir='ltr'>haerebat,</span> <span class='ocrx_word' id='word_1_10' title='bbox 1604 349 1689 402; x_wconf 80' lang='lat' dir='ltr'>tot</span> <span class='ocrx_word' id='word_1_11' title='bbox 1718 347 2109 402; x_wconf 69' lang='lat' dir='ltr'>maximarum</span> <span class='ocrx_word' id='word_1_12' title='bbox 2141 363 2342 403; x_wconf 86' lang='lat' dir='ltr'>rerum</span> 
     </span>
     <span class='ocr_line' id='line_1_3' title="bbox 372 437 2339 511; baseline -0.002 -16"><span class='ocrx_word' id='word_1_13' title='bbox 372 440 807 511; x_wconf 79' lang='lat' dir='ltr'>opportunitate</span> <span class='ocrx_word' id='word_1_14' title='bbox 872 439 1144 493; x_wconf 82' lang='lat' dir='ltr'>dimissa.</span> <span class='ocrx_word' id='word_1_15' title='bbox 1190 439 1467 493; x_wconf 84' lang='lat' dir='ltr'>Ceterum</span> <span class='ocrx_word' id='word_1_16' title='bbox 1515 443 1635 491; x_wconf 85' lang='lat' dir='ltr'>tam</span> <span class='ocrx_word' id='word_1_17' title='bbox 1677 437 1987 491; x_wconf 69' lang='lat' dir='ltr'>discedere</span> <span class='ocrx_word' id='word_1_18' title='bbox 2036 437 2275 491; x_wconf 81' lang='lat' dir='ltr'>irritum</span> <span class='ocrx_word' id='word_1_19' title='bbox 2298 440 2339 505; x_wconf 77' lang='lat'>¹,</span> 
     </span>
     <span class='ocr_line' id='line_1_4' title="bbox 371 526 2352 600; baseline 0 -19"><span class='ocrx_word' id='word_1_20' title='bbox 371 544 546 600; x_wconf 81' lang='lat' dir='ltr'>quarn</span> <span class='ocrx_word' id='word_1_21' title='bbox 574 529 794 582; x_wconf 84' lang='lat' dir='ltr'>morari</span> <span class='ocrx_word' id='word_1_22' title='bbox 837 528 1114 597; x_wconf 85' lang='lat' dir='ltr'>pudebat,</span> <span class='ocrx_word' id='word_1_23' title='bbox 1147 526 1365 581; x_wconf 79' lang='lat' dir='ltr'>famam</span> <span class='ocrx_word' id='word_1_24' title='bbox 1396 541 1651 597; x_wconf 85' lang='lat' dir='ltr'>quoque,</span> <span class='ocrx_word' id='word_1_25' title='bbox 1684 542 1797 597; x_wconf 84' lang='lat' dir='ltr'>qua</span> <span class='ocrx_word' id='word_1_26' title='bbox 1839 526 2010 596; x_wconf 81' lang='lat' dir='ltr'>plura</span> <span class='ocrx_word' id='word_1_27' title='bbox 2041 542 2218 597; x_wconf 86' lang='lat' dir='ltr'>quam</span> <span class='ocrx_word' id='word_1_28' title='bbox 2248 544 2352 581; x_wconf 84' lang='lat' dir='ltr'>ar-</span> 
     </span>
     <span class='ocr_line' id='line_1_5' title="bbox 369 614 2362 685; baseline -0.001 -13"><span class='ocrx_word' id='word_1_29' title='bbox 369 617 488 672; x_wconf 85' lang='lat' dir='ltr'>mis</span> <span class='ocrx_word' id='word_1_30' title='bbox 526 619 837 685; x_wconf 62' lang='lat' dir='ltr'>everterm,</span> <span class='ocrx_word' id='word_1_31' title='bbox 869 625 1034 670; x_wconf 79' lang='lat' dir='ltr'>ratus</span> <span class='ocrx_word' id='word_1_32' title='bbox 1070 616 1357 670; x_wconf 80' lang='lat' dir='ltr'>leviorem</span> <span class='ocrx_word' id='word_1_33' title='bbox 1389 614 1536 682; x_wconf 78' lang='lat' dir='ltr'>fore,</span> <span class='ocrx_word' id='word_1_34' title='bbox 1580 615 1634 668; x_wconf 87' lang='lat' dir='ltr'>si</span> <span class='ocrx_word' id='word_1_35' title='bbox 1673 616 1893 684; x_wconf 69' lang='lat' dir='ltr'>Tyrum</span> <span class='ocrx_word' id='word_1_36' title='bbox 1931 616 2099 685; x_wconf 86' lang='lat' dir='ltr'>quasi</span> <span class='ocrx_word' id='word_1_37' title='bbox 2128 617 2362 670; x_wconf 75' lang='lat' dir='ltr'>testem·</span> 
     </span>
     <span class='ocr_line' id='line_1_6' title="bbox 371 703 2356 775; baseline -0.001 -15"><span class='ocrx_word' id='word_1_38' title='bbox 371 720 439 759; x_wconf 83' lang='lat' dir='ltr'>se</span> <span class='ocrx_word' id='word_1_39' title='bbox 466 721 650 775; x_wconf 87' lang='lat' dir='ltr'>posse</span> <span class='ocrx_word' id='word_1_40' title='bbox 678 706 861 771; x_wconf 81' lang='lat' dir='ltr'>vinci,</span> <span class='ocrx_word' id='word_1_41' title='bbox 891 704 1255 774; x_wconf 75' lang='lat' dir='ltr'>reliquisset.</span> <span class='ocrx_word' id='word_1_42' title='bbox 1288 703 1479 774; x_wconf 82' lang='lat' dir='ltr'>Igitur</span> <span class='ocrx_word' id='word_1_43' title='bbox 1495 718 1570 758; x_wconf 87' lang='lat' dir='ltr'>ne</span> <span class='ocrx_word' id='word_1_44' title='bbox 1599 703 1737 773; x_wconf 89' lang='lat' dir='ltr'>quid</span> <span class='ocrx_word' id='word_1_45' title='bbox 1768 704 2147 773; x_wconf 82' lang='lat' dir='ltr'>inexpertum</span> <span class='ocrx_word' id='word_1_46' title='bbox 2178 705 2356 759; x_wconf 85' lang='lat' dir='ltr'>omit—</span> 
     </span>
     <span class='ocr_line' id='line_1_7' title="bbox 370 790 2344 865; baseline -0.001 -17"><span class='ocrx_word' id='word_1_47' title='bbox 370 796 541 862; x_wconf 80' lang='lat' dir='ltr'>teret,</span> <span class='ocrx_word' id='word_1_48' title='bbox 588 795 793 865; x_wconf 74' lang='lat' dir='ltr'>plures</span> <span class='ocrx_word' id='word_1_49' title='bbox 836 808 1029 848; x_wconf 82' lang='lat' dir='ltr'>naves</span> <span class='ocrx_word' id='word_1_50' title='bbox 1067 792 1378 846; x_wconf 86' lang='lat' dir='ltr'>admoveri</span> <span class='ocrx_word' id='word_1_51' title='bbox 1418 791 1613 863; x_wconf 80' lang='lat' dir='ltr'>jubet,</span> <span class='ocrx_word' id='word_1_52' title='bbox 1660 790 2036 863; x_wconf 84' lang='lat' dir='ltr'>delectosque</span> <span class='ocrx_word' id='word_1_53' title='bbox 2085 793 2344 847; x_wconf 79' lang='lat' dir='ltr'>militum</span> 
     </span>
     <span class='ocr_line' id='line_1_8' title="bbox 369 882 618 953; baseline -0.008 -16"><span class='ocrx_word' id='word_1_54' title='bbox 369 882 618 953; x_wconf 84' lang='lat' dir='ltr'>imponi.</span> 
     </span>
    </p>

    <p class='ocr_par' dir='ltr' id='par_1_3' title="bbox 372 967 2359 2101">
     <span class='ocr_line' id='line_1_9' title="bbox 443 967 2346 1039; baseline -0.001 -15"><span class='ocrx_word' id='word_1_55' title='bbox 443 972 521 1024; x_wconf 79' lang='lat' dir='ltr'>Et</span> <span class='ocrx_word' id='word_1_56' title='bbox 546 970 701 1025; x_wconf 84' lang='lat' dir='ltr'>forte</span> <span class='ocrx_word' id='word_1_57' title='bbox 725 971 897 1025; x_wconf 85' lang='lat' dir='ltr'>belua</span> <span class='ocrx_word' id='word_1_58' title='bbox 925 970 1247 1024; x_wconf 79' lang='lat' dir='ltr'>invisitatae</span> <span class='ocrx_word' id='word_1_59' title='bbox 1272 967 1717 1039; x_wconf 77' lang='lat' dir='ltr'>magnitudinis,</span> <span class='ocrx_word' id='word_1_60' title='bbox 1738 983 1919 1038; x_wconf 87' lang='lat' dir='ltr'>super</span> <span class='ocrx_word' id='word_1_61' title='bbox 1937 969 2106 1037; x_wconf 79' lang='lat' dir='ltr'>ipsos</span> <span class='ocrx_word' id='word_1_62' title='bbox 2125 969 2346 1023; x_wconf 84' lang='lat' dir='ltr'>fluctus</span> 
     </span>
     <span class='ocr_line' id='line_1_10' title="bbox 372 1056 2352 1128; baseline 0 -17"><span class='ocrx_word' id='word_1_63' title='bbox 372 1059 552 1112; x_wconf 82' lang='lat' dir='ltr'>dorso</span> <span class='ocrx_word' id='word_1_64' title='bbox 595 1059 881 1125; x_wconf 83' lang='lat' dir='ltr'>eminens,</span> <span class='ocrx_word' id='word_1_65' title='bbox 923 1058 995 1111; x_wconf 78' lang='lat' dir='ltr'>ad</span> <span class='ocrx_word' id='word_1_66' title='bbox 1037 1058 1270 1125; x_wconf 74' lang='lat' dir='ltr'>molem,</span> <span class='ocrx_word' id='word_1_67' title='bbox 1313 1072 1489 1127; x_wconf 87' lang='lat' dir='ltr'>quam</span> <span class='ocrx_word' id='word_1_68' title='bbox 1533 1056 1890 1110; x_wconf 79' lang='lat' dir='ltr'>Macedones</span> <span class='ocrx_word' id='word_1_69' title='bbox 1923 1056 2207 1128; x_wconf 78' lang='lat' dir='ltr'>jecerant,</span> <span class='ocrx_word' id='word_1_70' title='bbox 2244 1058 2352 1111; x_wconf 79' lang='lat' dir='ltr'>in·-</span> 
     </span>
     <span class='ocr_line' id='line_1_11' title="bbox 372 1145 2356 1217; baseline 0.001 -18"><span class='ocrx_word' id='word_1_71' title='bbox 372 1161 531 1216; x_wconf 83' lang='lat' dir='ltr'>gens</span> <span class='ocrx_word' id='word_1_72' title='bbox 576 1161 792 1216; x_wconf 87' lang='lat' dir='ltr'>corpus</span> <span class='ocrx_word' id='word_1_73' title='bbox 840 1147 1140 1217; x_wconf 81' lang='lat' dir='ltr'>applicuit,</span> <span class='ocrx_word' id='word_1_74' title='bbox 1189 1145 1700 1215; x_wconf 77' lang='lat' dir='ltr'>diverberatisque</span> <span class='ocrx_word' id='word_1_75' title='bbox 1749 1145 2034 1199; x_wconf 80' lang='lat' dir='ltr'>fluctibus·</span> <span class='ocrx_word' id='word_1_76' title='bbox 2071 1145 2356 1201; x_wconf 72' lang='lat' dir='ltr'>allevans</span> 
     </span>
     <span class='ocr_line' id='line_1_12' title="bbox 373 1233 2359 1304; baseline 0 -16"><span class='ocrx_word' id='word_1_77' title='bbox 373 1235 560 1288; x_wconf 82' lang='lat' dir='ltr'>semet</span> <span class='ocrx_word' id='word_1_78' title='bbox 586 1236 882 1304; x_wconf 77' lang='lat' dir='ltr'>utrimque</span> <span class='ocrx_word' id='word_1_79' title='bbox 912 1238 1231 1304; x_wconf 82' lang='lat' dir='ltr'>conspecta</span> <span class='ocrx_word' id='word_1_80' title='bbox 1254 1237 1346 1288; x_wconf 87' lang='lat' dir='ltr'>est</span> <span class='ocrx_word' id='word_1_81' title='bbox 1370 1249 1382 1288; x_wconf 74' lang='grc' dir='ltr'>ε</span> <span class='ocrx_word' id='word_1_82' title='bbox 1408 1233 1620 1287; x_wconf 87' lang='lat' dir='ltr'>deinde</span> <span class='ocrx_word' id='word_1_83' title='bbox 1648 1249 1682 1286; x_wconf 91' lang='lat' dir='ltr'>a</span> <span class='ocrx_word' id='word_1_84' title='bbox 1712 1234 1902 1303; x_wconf 80' lang='lat' dir='ltr'>capite</span> <span class='ocrx_word' id='word_1_85' title='bbox 1930 1233 2107 1288; x_wconf 85' lang='lat' dir='ltr'>molis</span> <span class='ocrx_word' id='word_1_86' title='bbox 2127 1249 2359 1288; x_wconf 84' lang='lat' dir='ltr'>rursus·</span> 
     </span>
     <span class='ocr_line' id='line_1_13' title="bbox 373 1322 2348 1393; baseline -0.001 -16"><span class='ocrx_word' id='word_1_87' title='bbox 373 1323 489 1377; x_wconf 90' lang='lat' dir='ltr'>alto</span> <span class='ocrx_word' id='word_1_88' title='bbox 539 1339 609 1378; x_wconf 87' lang='lat' dir='ltr'>se</span> <span class='ocrx_word' id='word_1_89' title='bbox 655 1324 963 1390; x_wconf 76' lang='lat' dir='ltr'>immersit,</span> <span class='ocrx_word' id='word_1_90' title='bbox 1008 1339 1094 1389; x_wconf 82' lang='lat' dir='ltr'>ac,</span> <span class='ocrx_word' id='word_1_91' title='bbox 1134 1323 1309 1378; x_wconf 88' lang='lat' dir='ltr'>modo</span> <span class='ocrx_word' id='word_1_92' title='bbox 1356 1338 1533 1392; x_wconf 87' lang='lat' dir='ltr'>super</span> <span class='ocrx_word' id='word_1_93' title='bbox 1575 1322 1770 1375; x_wconf 86' lang='lat' dir='ltr'>undas</span> <span class='ocrx_word' id='word_1_94' title='bbox 1814 1323 2083 1376; x_wconf 86' lang='lat' dir='ltr'>eminens</span> <span class='ocrx_word' id='word_1_95' title='bbox 2122 1338 2348 1393; x_wconf 73' lang='lat' dir='ltr'>magna</span> 
     </span>
     <span class='ocr_line' id='line_1_14' title="bbox 374 1410 2348 1483; baseline -0.001 -16"><span class='ocrx_word' id='word_1_96' title='bbox 374 1413 471 1467; x_wconf 87' lang='lat' dir='ltr'>sui</span> <span class='ocrx_word' id='word_1_97' title='bbox 514 1415 702 1482; x_wconf 73' lang='lat' dir='ltr'>perte,</span> <span class='ocrx_word' id='word_1_98' title='bbox 730 1413 907 1467; x_wconf 83' lang='lat' dir='ltr'>modo</span> <span class='ocrx_word' id='word_1_99' title='bbox 953 1411 1296 1483; x_wconf 81' lang='lat' dir='ltr'>superfusis</span> <span class='ocrx_word' id='word_1_100' title='bbox 1335 1412 1616 1466; x_wconf 83' lang='lat' dir='ltr'>fiuctibus</span> <span class='ocrx_word' id='word_1_101' title='bbox 1642 1410 1901 1482; x_wconf 83' lang='lat' dir='ltr'>condita,</span> <span class='ocrx_word' id='word_1_102' title='bbox 1936 1411 2090 1464; x_wconf 86' lang='lat' dir='ltr'>haud</span> <span class='ocrx_word' id='word_1_103' title='bbox 2132 1412 2348 1480; x_wconf 80' lang='lat' dir='ltr'>procul</span> 
     </span>
     <span class='ocr_line' id='line_1_15' title="bbox 374 1499 2350 1571; baseline 0 -17"><span class='ocrx_word' id='word_1_104' title='bbox 374 1501 757 1556; x_wconf 82' lang='lat' dir='ltr'>munimentis</span> <span class='ocrx_word' id='word_1_105' title='bbox 814 1501 987 1555; x_wconf 82' lang='lat' dir='ltr'>urbis</span> <span class='ocrx_word' id='word_1_106' title='bbox 1036 1516 1107 1555; x_wconf 83' lang='lat' dir='ltr'>se</span> <span class='ocrx_word' id='word_1_107' title='bbox 1152 1500 1380 1556; x_wconf 79' lang='lat' dir='ltr'>mersit.</span> <span class='ocrx_word' id='word_1_108' title='bbox 1431 1500 1712 1571; x_wconf 84' lang='lat' dir='ltr'>Utrisque</span> <span class='ocrx_word' id='word_1_109' title='bbox 1765 1499 1942 1554; x_wconf 83' lang='lat' dir='ltr'>laetus</span> <span class='ocrx_word' id='word_1_110' title='bbox 1986 1499 2097 1553; x_wconf 82' lang='lat' dir='ltr'>fuit</span> <span class='ocrx_word' id='word_1_111' title='bbox 2150 1500 2350 1554; x_wconf 73' lang='lat' dir='ltr'>beluae</span> 
     </span>
     <span class='ocr_line' id='line_1_16' title="bbox 376 1589 2345 1660; baseline 0 -18"><span class='ocrx_word' id='word_1_112' title='bbox 376 1592 653 1658; x_wconf 85' lang='lat' dir='ltr'>aspectus</span> <span class='ocrx_word' id='word_1_113' title='bbox 685 1604 697 1643; x_wconf 91' lang='lat'>:</span> <span class='ocrx_word' id='word_1_114' title='bbox 733 1590 1085 1644; x_wconf 68' lang='lat' dir='ltr'>Macedones</span> <span class='ocrx_word' id='word_1_115' title='bbox 1122 1589 1234 1643; x_wconf 86' lang='lat' dir='ltr'>iter</span> <span class='ocrx_word' id='word_1_116' title='bbox 1270 1589 1550 1659; x_wconf 83' lang='lat' dir='ltr'>jaciendo</span> <span class='ocrx_word' id='word_1_117' title='bbox 1594 1591 1761 1660; x_wconf 87' lang='lat' dir='ltr'>operi</span> <span class='ocrx_word' id='word_1_118' title='bbox 1801 1590 2175 1643; x_wconf 67' lang='lat' dir='ltr'>monstrasse</span> <span class='ocrx_word' id='word_1_119' title='bbox 2212 1603 2345 1642; x_wconf 85' lang='lat' dir='ltr'>eam</span> 
     </span>
     <span class='ocr_line' id='line_1_17' title="bbox 375 1675 2342 1751; baseline 0 -21"><span class='ocrx_word' id='word_1_120' title='bbox 375 1679 842 1747; x_wconf 65' lang='lat' dir='ltr'>augurabantur,</span> <span class='ocrx_word' id='word_1_121' title='bbox 874 1678 1040 1751; x_wconf 67' lang='lat' dir='ltr'>Tyrii</span> <span class='ocrx_word' id='word_1_122' title='bbox 1078 1677 1439 1746; x_wconf 79' lang='lat' dir='ltr'>Neptunum,</span> <span class='ocrx_word' id='word_1_123' title='bbox 1479 1678 1747 1747; x_wconf 88' lang='lat' dir='ltr'>occupati</span> <span class='ocrx_word' id='word_1_124' title='bbox 1782 1676 1991 1731; x_wconf 82' lang='lat' dir='ltr'>maris²</span> <span class='ocrx_word' id='word_1_125' title='bbox 2021 1675 2342 1744; x_wconf 80' lang='lat' dir='ltr'>vindicem,</span> 
     </span>
     <span class='ocr_line' id='line_1_18' title="bbox 375 1765 2333 1836; baseline 0.002 -18"><span class='ocrx_word' id='word_1_126' title='bbox 375 1765 716 1833; x_wconf 79' lang='lat' dir='ltr'>abripuisse</span> <span class='ocrx_word' id='word_1_127' title='bbox 760 1765 995 1818; x_wconf 84' lang='lat' dir='ltr'>beluam</span> <span class='ocrx_word' id='word_1_128' title='bbox 1021 1765 1063 1829; x_wconf 79' lang='lat'>³,</span> <span class='ocrx_word' id='word_1_129' title='bbox 1115 1781 1180 1818; x_wconf 88' lang='lat' dir='ltr'>ac</span> <span class='ocrx_word' id='word_1_130' title='bbox 1226 1766 1440 1819; x_wconf 88' lang='lat' dir='ltr'>molem</span> <span class='ocrx_word' id='word_1_131' title='bbox 1487 1766 1657 1821; x_wconf 82' lang='lat' dir='ltr'>brevi</span> <span class='ocrx_word' id='word_1_132' title='bbox 1706 1765 1970 1836; x_wconf 86' lang='lat' dir='ltr'>profecto</span> <span class='ocrx_word' id='word_1_133' title='bbox 2014 1766 2333 1821; x_wconf 81' lang='lat' dir='ltr'>ruituram.</span> 
     </span>
     <span class='ocr_line' id='line_1_19' title="bbox 374 1853 2341 1925; baseline 0.001 -18"><span class='ocrx_word' id='word_1_134' title='bbox 374 1853 639 1924; x_wconf 76' lang='lat' dir='ltr'>Laetique</span> <span class='ocrx_word' id='word_1_135' title='bbox 670 1854 865 1908; x_wconf 85' lang='lat' dir='ltr'>omine</span> <span class='ocrx_word' id='word_1_136' title='bbox 895 1869 982 1924; x_wconf 90' lang='lat' dir='ltr'>eo,</span> <span class='ocrx_word' id='word_1_137' title='bbox 1035 1853 1105 1907; x_wconf 86' lang='lat' dir='ltr'>ad</span> <span class='ocrx_word' id='word_1_138' title='bbox 1147 1854 1354 1925; x_wconf 87' lang='lat' dir='ltr'>epulas</span> <span class='ocrx_word' id='word_1_139' title='bbox 1392 1855 1606 1924; x_wconf 86' lang='lat' dir='ltr'>dilapsi</span> <span class='ocrx_word' id='word_1_140' title='bbox 1652 1871 1980 1910; x_wconf 85' lang='lat' dir='ltr'>oneravere</span> <span class='ocrx_word' id='word_1_141' title='bbox 2024 1871 2094 1910; x_wconf 87' lang='lat' dir='ltr'>se</span> <span class='ocrx_word' id='word_1_142' title='bbox 2132 1856 2276 1909; x_wconf 83' lang='lat' dir='ltr'>vino</span> <span class='ocrx_word' id='word_1_143' title='bbox 2326 1874 2341 1909; x_wconf 73' lang='grc' dir='ltr'>ε</span> 
     </span>
     <span class='ocr_line' id='line_1_20' title="bbox 375 1942 2346 2015; baseline 0 -18"><span class='ocrx_word' id='word_1_144' title='bbox 375 1959 509 2015; x_wconf 78' lang='lat' dir='ltr'>quo·</span> <span class='ocrx_word' id='word_1_145' title='bbox 525 1958 763 2015; x_wconf 83' lang='lat' dir='ltr'>graves,</span> <span class='ocrx_word' id='word_1_146' title='bbox 798 1943 929 1997; x_wconf 79' lang='lat' dir='ltr'>orto</span> <span class='ocrx_word' id='word_1_147' title='bbox 971 1942 1115 2011; x_wconf 82' lang='lat' dir='ltr'>sole,</span> <span class='ocrx_word' id='word_1_148' title='bbox 1162 1943 1405 2014; x_wconf 84' lang='lat' dir='ltr'>navigia</span> <span class='ocrx_word' id='word_1_149' title='bbox 1447 1944 1846 1999; x_wconf 88' lang='lat' dir='ltr'>conscendunt</span> <span class='ocrx_word' id='word_1_150' title='bbox 1873 1943 2145 1999; x_wconf 83' lang='lat' dir='ltr'>redimita</span> <span class='ocrx_word' id='word_1_151' title='bbox 2173 1944 2346 1998; x_wconf 86' lang='lat' dir='ltr'>flori—</span> 
     </span>
     <span class='ocr_line' id='line_1_21' title="bbox 372 2027 2352 2101; baseline 0.001 -16"><span class='ocrx_word' id='word_1_152' title='bbox 372 2032 491 2085; x_wconf 86' lang='lat' dir='ltr'>bus</span> <span class='ocrx_word' id='word_1_153' title='bbox 536 2032 895 2101; x_wconf 78' lang='lat' dir='ltr'>coronisque</span> <span class='ocrx_word' id='word_1_154' title='bbox 928 2046 941 2084; x_wconf 89' lang='lat'><strong>:</strong></span> <span class='ocrx_word' id='word_1_155' title='bbox 973 2027 1118 2086; x_wconf 84' lang='lat' dir='ltr'>adeo</span> <span class='ocrx_word' id='word_1_156' title='bbox 1148 2031 1414 2086; x_wconf 80' lang='lat' dir='ltr'>victoriae</span> <span class='ocrx_word' id='word_1_157' title='bbox 1442 2048 1564 2087; x_wconf 90' lang='lat' dir='ltr'>non</span> <span class='ocrx_word' id='word_1_158' title='bbox 1594 2049 1766 2087; x_wconf 87' lang='lat' dir='ltr'>omen</span> <span class='ocrx_word' id='word_1_159' title='bbox 1797 2033 1995 2101; x_wconf 86' lang='lat' dir='ltr'>modo,</span> <span class='ocrx_word' id='word_1_160' title='bbox 2028 2033 2134 2088; x_wconf 87' lang='lat' dir='ltr'>sed</span> <span class='ocrx_word' id='word_1_161' title='bbox 2164 2034 2352 2088; x_wconf 80' lang='lat' dir='ltr'>etiam</span> 
     </span>
    </p>
   </div>
   <div class='ocr_carea' id='block_1_3' title="bbox 304 2103 1291 2202">
    <p class='ocr_par' dir='ltr' id='par_1_4' title="bbox 304 2103 1291 2202">
     <span class='ocr_line' id='line_1_22' title="bbox 304 2103 1291 2202; baseline -0.003 -26"><span class='ocrx_word' id='word_1_162' title='bbox 304 2103 331 2202; x_wconf 33' lang='lat'>’¹</span> <span class='ocrx_word' id='word_1_163' title='bbox 375 2119 839 2191; x_wconf 84' lang='lat' dir='ltr'>gratulationem</span> <span class='ocrx_word' id='word_1_164' title='bbox 863 2122 1291 2192; x_wconf 66' lang='lat' dir='ltr'>praeceperant.</span> 
     </span>
    </p>
   </div>
   <div class='ocr_carea' id='block_1_4' title="bbox 372 2210 2352 3083">
    <p class='ocr_par' dir='ltr' id='par_1_5' title="bbox 372 2210 2352 3083">
     <span class='ocr_line' id='line_1_23' title="bbox 446 2210 2339 2283; baseline 0 -19"><span class='ocrx_word' id='word_1_165' title='bbox 446 2210 624 2266; x_wconf 78' lang='lat' dir='ltr'>Forte</span> <span class='ocrx_word' id='word_1_166' title='bbox 679 2226 787 2265; x_wconf 83' lang='lat' dir='ltr'>rex</span> <span class='ocrx_word' id='word_1_167' title='bbox 842 2211 1099 2265; x_wconf 83' lang='lat' dir='ltr'>classem</span> <span class='ocrx_word' id='word_1_168' title='bbox 1154 2211 1217 2263; x_wconf 88' lang='lat' dir='ltr'>in</span> <span class='ocrx_word' id='word_1_169' title='bbox 1274 2210 1573 2265; x_wconf 85' lang='lat' dir='ltr'>diversam</span> <span class='ocrx_word' id='word_1_170' title='bbox 1626 2214 1850 2281; x_wconf 80' lang='lat' dir='ltr'>partem</span> <span class='ocrx_word' id='word_1_171' title='bbox 1909 2211 2005 2283; x_wconf 82' lang='lat' dir='ltr'>agi</span> <span class='ocrx_word' id='word_1_172' title='bbox 2056 2211 2339 2281; x_wconf 82' lang='lat' dir='ltr'>jusserat,</span> 
     </span>
     <span class='ocr_line' id='line_1_24' title="bbox 372 2298 2344 2370; baseline 0.001 -18"><span class='ocrx_word' id='word_1_173' title='bbox 372 2317 498 2353; x_wconf 82' lang='lat' dir='ltr'>xxx</span> <span class='ocrx_word' id='word_1_174' title='bbox 526 2299 861 2355; x_wconf 84' lang='lat' dir='ltr'>minoribus</span> <span class='ocrx_word' id='word_1_175' title='bbox 902 2299 1165 2369; x_wconf 87' lang='lat' dir='ltr'>navigiis</span> <span class='ocrx_word' id='word_1_176' title='bbox 1205 2298 1431 2352; x_wconf 88' lang='lat' dir='ltr'>relictis</span> <span class='ocrx_word' id='word_1_177' title='bbox 1464 2300 1528 2352; x_wconf 89' lang='lat' dir='ltr'>in</span> <span class='ocrx_word' id='word_1_178' title='bbox 1554 2299 1750 2354; x_wconf 82' lang='lat' dir='ltr'>littore</span> <span class='ocrx_word' id='word_1_179' title='bbox 1783 2316 1795 2353; x_wconf 93' lang='lat'>:</span> <span class='ocrx_word' id='word_1_180' title='bbox 1843 2316 1874 2354; x_wconf 90' lang='lat' dir='ltr'>e</span> <span class='ocrx_word' id='word_1_181' title='bbox 1923 2300 2139 2369; x_wconf 89' lang='lat' dir='ltr'>quibus</span> <span class='ocrx_word' id='word_1_182' title='bbox 2181 2300 2344 2370; x_wconf 67' lang='lat' dir='ltr'>Tyrii</span> 
     </span>
     <span class='ocr_line' id='line_1_25' title="bbox 372 2387 2343 2460; baseline 0.001 -18"><span class='ocrx_word' id='word_1_183' title='bbox 372 2388 606 2443; x_wconf 92' lang='lat' dir='ltr'>duobus</span> <span class='ocrx_word' id='word_1_184' title='bbox 627 2389 815 2458; x_wconf 76' lang='lat' dir='ltr'>captis</span> <span class='ocrx_word' id='word_1_185' title='bbox 843 2390 1037 2443; x_wconf 78' lang='lat' dir='ltr'>cetera</span> <span class='ocrx_word' id='word_1_186' title='bbox 1058 2387 1285 2460; x_wconf 80' lang='lat' dir='ltr'>ingenti</span> <span class='ocrx_word' id='word_1_187' title='bbox 1306 2389 1646 2442; x_wconf 86' lang='lat' dir='ltr'>terruerunt</span> <span class='ocrx_word' id='word_1_188' title='bbox 1668 2390 1840 2454; x_wconf 90' lang='lat' dir='ltr'>metu,</span> <span class='ocrx_word' id='word_1_189' title='bbox 1861 2388 2069 2457; x_wconf 90' lang='lat' dir='ltr'>donec,</span> <span class='ocrx_word' id='word_1_190' title='bbox 2096 2405 2343 2444; x_wconf 87' lang='lat' dir='ltr'>suorum</span> 
     </span>
     <span class='ocr_line' id='line_1_26' title="bbox 374 2476 2343 2549; baseline 0.002 -19"><span class='ocrx_word' id='word_1_191' title='bbox 374 2477 626 2536; x_wconf 73' lang='lat' dir='ltr'>clamore</span> <span class='ocrx_word' id='word_1_192' title='bbox 666 2476 884 2542; x_wconf 81' lang='lat' dir='ltr'>audite,</span> <span class='ocrx_word' id='word_1_193' title='bbox 933 2476 1271 2530; x_wconf 82' lang='lat' dir='ltr'>Alexander</span> <span class='ocrx_word' id='word_1_194' title='bbox 1311 2476 1563 2531; x_wconf 90' lang='lat' dir='ltr'>classem</span> <span class='ocrx_word' id='word_1_195' title='bbox 1603 2478 1803 2547; x_wconf 86' lang='lat' dir='ltr'>littori,</span> <span class='ocrx_word' id='word_1_196' title='bbox 1840 2494 1872 2531; x_wconf 94' lang='lat' dir='ltr'>a</span> <span class='ocrx_word' id='word_1_197' title='bbox 1909 2494 2025 2549; x_wconf 86' lang='lat' dir='ltr'>quo</span> <span class='ocrx_word' id='word_1_198' title='bbox 2063 2477 2343 2538; x_wconf 86' lang='lat' dir='ltr'>fremitus</span> 
     </span>
     <span class='ocr_line' id='line_1_27' title="bbox 374 2563 2343 2638; baseline 0.003 -22"><span class='ocrx_word' id='word_1_199' title='bbox 374 2563 707 2617; x_wconf 84' lang='lat' dir='ltr'>acciderant</span> <span class='ocrx_word' id='word_1_200' title='bbox 724 2565 765 2629; x_wconf 78' lang='lat'>⁴,</span> <span class='ocrx_word' id='word_1_201' title='bbox 804 2565 1083 2626; x_wconf 82' lang='lat' dir='ltr'>admovit.</span> <span class='ocrx_word' id='word_1_202' title='bbox 1125 2564 1327 2620; x_wconf 74' lang='lat' dir='ltr'>Prima</span> <span class='ocrx_word' id='word_1_203' title='bbox 1369 2581 1398 2619; x_wconf 93' lang='lat' dir='ltr'>e</span> <span class='ocrx_word' id='word_1_204' title='bbox 1441 2565 1824 2621; x_wconf 87' lang='lat' dir='ltr'>Macedonum</span> <span class='ocrx_word' id='word_1_205' title='bbox 1865 2567 2122 2621; x_wconf 85' lang='lat' dir='ltr'>navibus</span> <span class='ocrx_word' id='word_1_206' title='bbox 2167 2569 2343 2638; x_wconf 90' lang='lat' dir='ltr'>quin-</span> 
     </span>
     <span class='ocr_line' id='line_1_28' title="bbox 373 2650 2346 2726; baseline 0.003 -21"><span class='ocrx_word' id='word_1_207' title='bbox 373 2653 674 2722; x_wconf 82' lang='lat' dir='ltr'>queremis</span> <span class='ocrx_word' id='word_1_208' title='bbox 690 2650 732 2718; x_wconf 88' lang='lat'>*,</span> <span class='ocrx_word' id='word_1_209' title='bbox 754 2653 1068 2708; x_wconf 76' lang='lat' dir='ltr'>velocitate</span> <span class='ocrx_word' id='word_1_210' title='bbox 1096 2653 1247 2710; x_wconf 71' lang='lat' dir='ltr'>inter</span> <span class='ocrx_word' id='word_1_211' title='bbox 1277 2657 1500 2709; x_wconf 85' lang='lat' dir='ltr'>ceteras</span> <span class='ocrx_word' id='word_1_212' title='bbox 1532 2656 1821 2722; x_wconf 85' lang='lat' dir='ltr'>eminenS,</span> <span class='ocrx_word' id='word_1_213' title='bbox 1852 2657 2136 2722; x_wconf 85' lang='lat' dir='ltr'>occurrit;</span> <span class='ocrx_word' id='word_1_214' title='bbox 2168 2672 2346 2726; x_wconf 84' lang='lat' dir='ltr'>quarn</span> 
     </span>
     <span class='ocr_line' id='line_1_29' title="bbox 372 2741 2347 2815; baseline 0.003 -22"><span class='ocrx_word' id='word_1_215' title='bbox 372 2742 435 2794; x_wconf 78' lang='lat' dir='ltr'>ut</span> <span class='ocrx_word' id='word_1_216' title='bbox 466 2754 832 2809; x_wconf 86' lang='lat' dir='ltr'>conspexere</span> <span class='ocrx_word' id='word_1_217' title='bbox 860 2742 1072 2812; x_wconf 77' lang='lat' dir='ltr'>Tyriae,</span> <span class='ocrx_word' id='word_1_218' title='bbox 1107 2741 1232 2796; x_wconf 81' lang='lat' dir='ltr'>duae</span> <span class='ocrx_word' id='word_1_219' title='bbox 1261 2758 1337 2797; x_wconf 84' lang='lat' dir='ltr'>ex</span> <span class='ocrx_word' id='word_1_220' title='bbox 1365 2743 1606 2799; x_wconf 86' lang='lat' dir='ltr'>diverso</span> <span class='ocrx_word' id='word_1_221' title='bbox 1629 2744 1690 2798; x_wconf 89' lang='lat' dir='ltr'>in</span> <span class='ocrx_word' id='word_1_222' title='bbox 1717 2744 1900 2798; x_wconf 86' lang='lat' dir='ltr'>latera</span> <span class='ocrx_word' id='word_1_223' title='bbox 1928 2743 2064 2815; x_wconf 72' lang='lat' dir='ltr'>ejus</span> <span class='ocrx_word' id='word_1_224' title='bbox 2090 2744 2347 2799; x_wconf 83' lang='lat' dir='ltr'>invectae</span> 
     </span>
     <span class='ocr_line' id='line_1_30' title="bbox 373 2828 2350 2902; baseline 0.005 -22"><span class='ocrx_word' id='word_1_225' title='bbox 373 2836 548 2894; x_wconf 83' lang='lat' dir='ltr'>sunt;</span> <span class='ocrx_word' id='word_1_226' title='bbox 590 2828 656 2881; x_wconf 90' lang='lat' dir='ltr'>in</span> <span class='ocrx_word' id='word_1_227' title='bbox 700 2843 948 2899; x_wconf 87' lang='lat' dir='ltr'>quarum</span> <span class='ocrx_word' id='word_1_228' title='bbox 991 2831 1236 2885; x_wconf 80' lang='lat' dir='ltr'>alteram</span> <span class='ocrx_word' id='word_1_229' title='bbox 1279 2832 1725 2902; x_wconf 82' lang='lat' dir='ltr'>quinqueremis</span> <span class='ocrx_word' id='word_1_230' title='bbox 1766 2834 2053 2887; x_wconf 83' lang='lat' dir='ltr'>concitata</span> <span class='ocrx_word' id='word_1_231' title='bbox 2067 2835 2110 2901; x_wconf 76' lang='lat'>⁵,</span> <span class='ocrx_word' id='word_1_232' title='bbox 2139 2834 2350 2889; x_wconf 86' lang='lat' dir='ltr'>eadem</span> 
     </span>
     <span class='ocr_line' id='line_1_31' title="bbox 373 2916 2350 2993; baseline 0.005 -23"><span class='ocrx_word' id='word_1_233' title='bbox 373 2919 433 2971; x_wconf 87' lang='lat' dir='ltr'>et</span> <span class='ocrx_word' id='word_1_234' title='bbox 457 2916 588 2985; x_wconf 88' lang='lat' dir='ltr'>ipsa</span> <span class='ocrx_word' id='word_1_235' title='bbox 625 2918 823 2970; x_wconf 85' lang='lat' dir='ltr'>rostro</span> <span class='ocrx_word' id='word_1_236' title='bbox 844 2917 866 2938; x_wconf 91' lang='lat'><strong>*</strong></span> <span class='ocrx_word' id='word_1_237' title='bbox 905 2919 1020 2972; x_wconf 87' lang='lat' dir='ltr'>icta</span> <span class='ocrx_word' id='word_1_238' title='bbox 1048 2921 1155 2984; x_wconf 86' lang='lat' dir='ltr'>est,</span> <span class='ocrx_word' id='word_1_239' title='bbox 1185 2923 1239 2974; x_wconf 88' lang='lat' dir='ltr'>et</span> <span class='ocrx_word' id='word_1_240' title='bbox 1268 2919 1432 2974; x_wconf 89' lang='lat' dir='ltr'>illam</span> <span class='ocrx_word' id='word_1_241' title='bbox 1470 2921 1725 2975; x_wconf 88' lang='lat' dir='ltr'>invicem</span> <span class='ocrx_word' id='word_1_242' title='bbox 1756 2922 1963 2976; x_wconf 89' lang='lat' dir='ltr'>tenuit.</span> <span class='ocrx_word' id='word_1_243' title='bbox 1993 2922 2248 2993; x_wconf 77' lang='lat' dir='ltr'>Jamque</span> <span class='ocrx_word' id='word_1_244' title='bbox 2280 2940 2350 2979; x_wconf 86' lang='lat' dir='ltr'>ea</span> 
     </span>
     <span class='ocr_line' id='line_1_32' title="bbox 373 3004 2352 3083; baseline 0.005 -25"><span class='ocrx_word' id='word_1_245' title='bbox 373 3021 504 3078; x_wconf 78' lang='lat' dir='ltr'>quae</span> <span class='ocrx_word' id='word_1_246' title='bbox 544 3021 663 3060; x_wconf 88' lang='lat' dir='ltr'>non</span> <span class='ocrx_word' id='word_1_247' title='bbox 703 3004 1056 3077; x_wconf 80' lang='lat' dir='ltr'>cohaerebat,</span> <span class='ocrx_word' id='word_1_248' title='bbox 1088 3008 1278 3064; x_wconf 88' lang='lat' dir='ltr'>libero</span> <span class='ocrx_word' id='word_1_249' title='bbox 1317 3009 1540 3081; x_wconf 89' lang='lat' dir='ltr'>impetu</span> <span class='ocrx_word' id='word_1_250' title='bbox 1578 3013 1801 3081; x_wconf 83' lang='lat' dir='ltr'>evecta,</span> <span class='ocrx_word' id='word_1_251' title='bbox 1831 3011 1894 3064; x_wconf 90' lang='lat' dir='ltr'>in</span> <span class='ocrx_word' id='word_1_252' title='bbox 1932 3010 2130 3066; x_wconf 78' lang='lat' dir='ltr'>aliud⁸</span> <span class='ocrx_word' id='word_1_253' title='bbox 2168 3013 2352 3083; x_wconf 89' lang='lat' dir='ltr'>quin-</span> 
     </span>
    </p>
   </div>
   <div class='ocr_carea' id='block_1_5' title="bbox 423 3244 1416 3365">
    <p class='ocr_par' dir='ltr' id='par_1_6' title="bbox 423 3244 1416 3365">
     <span class='ocr_line' id='line_1_33' title="bbox 423 3244 1416 3295; baseline 0.008 -9"><span class='ocrx_word' id='word_1_254' title='bbox 423 3248 477 3287; x_wconf 88' lang='lat' dir='ltr'>1v</span> <span class='ocrx_word' id='word_1_255' title='bbox 484 3276 496 3288; x_wconf 92' lang='lat'>.</span> <span class='ocrx_word' id='word_1_256' title='bbox 530 3267 584 3276; x_wconf 95' lang='grc'>-</span> <span class='ocrx_word' id='word_1_257' title='bbox 612 3245 657 3290; x_wconf 90' lang='grc'>1.</span> <span class='ocrx_word' id='word_1_258' title='bbox 683 3244 881 3295; x_wconf 76' lang='lat' dir='ltr'>Irritum,</span> <span class='ocrx_word' id='word_1_259' title='bbox 907 3255 1014 3288; x_wconf 85' lang='lat' dir='ltr'>sans</span> <span class='ocrx_word' id='word_1_260' title='bbox 1043 3247 1172 3290; x_wconf 83' lang='lat' dir='ltr'>avoir</span> <span class='ocrx_word' id='word_1_261' title='bbox 1196 3249 1296 3292; x_wconf 85' lang='lat' dir='ltr'>rien</span> <span class='ocrx_word' id='word_1_262' title='bbox 1315 3248 1416 3295; x_wconf 80' lang='lat' dir='ltr'>fait.</span> 
     </span>
     <span class='ocr_line' id='line_1_34' title="bbox 423 3306 1391 3365; baseline 0.009 -16"><span class='ocrx_word' id='word_1_263' title='bbox 423 3307 470 3349; x_wconf 76' lang='lat'>2.</span> <span class='ocrx_word' id='word_1_264' title='bbox 507 3306 714 3362; x_wconf 61' lang='lat' dir='ltr'>compati</span> <span class='ocrx_word' id='word_1_265' title='bbox 737 3309 892 3351; x_wconf 58' lang='lat' dir='ltr'>maris.</span> <span class='ocrx_word' id='word_1_266' title='bbox 916 3307 989 3350; x_wconf 85' lang='lat' dir='ltr'>Cf.</span> <span class='ocrx_word' id='word_1_267' title='bbox 1007 3311 1079 3362; x_wconf 85' lang='lat'>111,</span> <span class='ocrx_word' id='word_1_268' title='bbox 1110 3321 1162 3365; x_wconf 83' lang='lat'>11,</span> <span class='ocrx_word' id='word_1_269' title='bbox 1192 3317 1301 3356; x_wconf 86' lang='lat' dir='ltr'>note</span> <span class='ocrx_word' id='word_1_270' title='bbox 1321 3312 1391 3358; x_wconf 64' lang='grc' dir='ltr'>ΞΘ.</span> 
     </span>
    </p>
   </div>
   <div class='ocr_carea' id='block_1_6' title="bbox 421 3369 2231 3487">
    <p class='ocr_par' dir='ltr' id='par_1_7' title="bbox 421 3369 2231 3487">
     <span class='ocr_line' id='line_1_35' title="bbox 421 3369 2231 3431; baseline 0.006 -18"><span class='ocrx_word' id='word_1_271' title='bbox 421 3370 470 3415; x_wconf 86' lang='grc'>3.</span> <span class='ocrx_word' id='word_1_272' title='bbox 503 3369 703 3412; x_wconf 76' lang='lat' dir='ltr'>Becuam.</span> <span class='ocrx_word' id='word_1_273' title='bbox 737 3372 774 3414; x_wconf 79' lang='lat' dir='ltr'>A</span> <span class='ocrx_word' id='word_1_274' title='bbox 793 3370 920 3412; x_wconf 79' lang='lat' dir='ltr'>leurs</span> <span class='ocrx_word' id='word_1_275' title='bbox 940 3381 1082 3423; x_wconf 81' lang='lat' dir='ltr'>yeux,</span> <span class='ocrx_word' id='word_1_276' title='bbox 1099 3372 1144 3416; x_wconf 88' lang='lat' dir='ltr'>le</span> <span class='ocrx_word' id='word_1_277' title='bbox 1168 3378 1269 3418; x_wconf 84' lang='lat' dir='ltr'>sort</span> <span class='ocrx_word' id='word_1_278' title='bbox 1297 3373 1356 3419; x_wconf 87' lang='lat' dir='ltr'>de</span> <span class='ocrx_word' id='word_1_279' title='bbox 1381 3377 1430 3419; x_wconf 76' lang='lat' dir='ltr'>la</span> <span class='ocrx_word' id='word_1_280' title='bbox 1453 3376 1562 3421; x_wconf 74' lang='lat' dir='ltr'>bete</span> <span class='ocrx_word' id='word_1_281' title='bbox 1591 3386 1697 3420; x_wconf 80' lang='lat' dir='ltr'>sera</span> <span class='ocrx_word' id='word_1_282' title='bbox 1724 3375 1769 3419; x_wconf 87' lang='lat' dir='ltr'>le</span> <span class='ocrx_word' id='word_1_283' title='bbox 1793 3382 1892 3422; x_wconf 80' lang='lat' dir='ltr'>sort</span> <span class='ocrx_word' id='word_1_284' title='bbox 1917 3379 1974 3421; x_wconf 84' lang='lat' dir='ltr'>de</span> <span class='ocrx_word' id='word_1_285' title='bbox 2002 3377 2048 3422; x_wconf 81' lang='lat' dir='ltr'>la</span> <span class='ocrx_word' id='word_1_286' title='bbox 2067 3376 2231 3431; x_wconf 74' lang='lat' dir='ltr'>digua.</span> 
     </span>
     <span class='ocr_line' id='line_1_36' title="bbox 424 3432 1062 3487; baseline 0 -12"><span class='ocrx_word' id='word_1_287' title='bbox 424 3437 471 3477; x_wconf 76' lang='grc'>4.</span> <span class='ocrx_word' id='word_1_288' title='bbox 504 3432 764 3475; x_wconf 71' lang='lat' dir='ltr'>Ace-iderant</span> <span class='ocrx_word' id='word_1_289' title='bbox 793 3432 866 3484; x_wconf 71' lang='lat' dir='ltr'>(ad</span> <span class='ocrx_word' id='word_1_290' title='bbox 891 3432 1062 3487; x_wconf 66' lang='lat' dir='ltr'>aar-es).</span> 
     </span>
    </p>
   </div>
   <div class='ocr_carea' id='block_1_7' title="bbox 424 3492 2344 3619">
    <p class='ocr_par' dir='ltr' id='par_1_8' title="bbox 424 3492 2344 3619">
     <span class='ocr_line' id='line_1_37' title="bbox 424 3492 956 3547; baseline -0.004 -10"><span class='ocrx_word' id='word_1_291' title='bbox 424 3494 472 3537; x_wconf 79' lang='lat'>5.</span> <span class='ocrx_word' id='word_1_292' title='bbox 510 3492 741 3537; x_wconf 79' lang='lat' dir='ltr'>Concitata</span> <span class='ocrx_word' id='word_1_293' title='bbox 767 3493 956 3547; x_wconf 78' lang='lat' dir='ltr'>(remis).</span> 
     </span>
     <span class='ocr_line' id='line_1_38' title="bbox 429 3553 2344 3619; baseline -0.002 -7"><span class='ocrx_word' id='word_1_294' title='bbox 429 3556 476 3599; x_wconf 78' lang='grc'>6·</span> <span class='ocrx_word' id='word_1_295' title='bbox 510 3555 649 3600; x_wconf 61' lang='lat' dir='ltr'>Aliud</span> <span class='ocrx_word' id='word_1_296' title='bbox 668 3555 801 3607; x_wconf 56' lang='lat' dir='ltr'>lala&amp;</span> <span class='ocrx_word' id='word_1_297' title='bbox 821 3553 1035 3610; x_wconf 64' lang='grc' dir='ltr'>ῙὊΡΟΕΙΠΘ</span> <span class='ocrx_word' id='word_1_298' title='bbox 1055 3556 1292 3615; x_wconf 76' lang='lat' dir='ltr'>classique</span> <span class='ocrx_word' id='word_1_299' title='bbox 1308 3561 1460 3607; x_wconf 80' lang='lat' dir='ltr'>aurait</span> <span class='ocrx_word' id='word_1_300' title='bbox 1481 3562 1599 3607; x_wconf 76' lang='lat' dir='ltr'>ecrit</span> <span class='ocrx_word' id='word_1_301' title='bbox 1616 3563 1826 3609; x_wconf 60' lang='lat' dir='ltr'>alcum.</span> <span class='ocrx_word' id='word_1_302' title='bbox 1855 3563 1927 3609; x_wconf 75' lang='lat' dir='ltr'>Cr.</span> <span class='ocrx_word' id='word_1_303' title='bbox 1955 3566 2024 3619; x_wconf 80' lang='lat' dir='ltr'>vl,</span> <span class='ocrx_word' id='word_1_304' title='bbox 2053 3573 2113 3614; x_wconf 75' lang='lat' dir='ltr'>iv,</span> <span class='ocrx_word' id='word_1_305' title='bbox 2129 3567 2242 3607; x_wconf 78' lang='lat' dir='ltr'>nete</span> <span class='ocrx_word' id='word_1_306' title='bbox 2267 3562 2344 3608; x_wconf 73' lang='lat'>13.</span> 
     </span>
    </p>
   </div>
  </div>
 </body>
</html>
