2517 3975
633 241 1025 280 rus-romanon
1059 242 1416 295 abennem,
1455 244 1513 291 x,
1555 243 1633 281 vi.
2009 227 2115 282 373

146 349 370 421 posita,
403 349 504 418 qui
534 347 803 402 consiliis
833 346 968 419 ejus
1006 348 1454 418 adhibebantur,
1483 353 1712 418 coeant,
1741 351 2017 421 quotiens
2052 349 2116 403 in

147 451 464 492 commune
504 435 773 491 consulto
822 451 975 506 opus
1020 435 1219 504 fuerit,
1268 452 1477 508 eoque,
1531 439 1686 510 quod
1733 437 1929 509 maJor
1974 454 2115 509 pars

149 541 366 581 eorum
393 526 739 591 decreverit,
773 527 991 582 stetur:
1025 519 1204 580 duces
1244 526 1628 597 praefectique
1675 528 1977 598 copiarum
2020 527 2116 583 his

145 618 424 688 pareant.
461 637 484 662 »

223 704 546 758 Ptolemaeo
597 704 872 774 quidam,
911 705 1226 774 pauciores
1272 705 1571 759 Perdiccae
1617 706 2113 761 assentiebantur.

151 795 308 848 Tum
336 793 657 848 Aristonus
687 807 865 847 orsus
896 795 987 848 est
1015 793 1213 848 dicere
1239 807 1252 846 τ
1284 815 1306 841 «
1332 793 1754 865 Alexandrum,
1783 795 2114 850 consultum

149 883 251 937 cui
279 883 642 951 relinqueret
676 897 952 953 regnum,
983 883 1252 937 voluisse
1302 883 1587 953 optimum
1623 884 1829 954 deligi.
1872 883 2118 938 ‹ludica-

146 976 281 1027 tum
312 974 505 1025 autem
536 970 610 1025 ab
637 971 768 1039 ipso
798 971 1084 1040 optimum
1105 971 1475 1037 Perdiccam,
1511 972 1606 1026 cui
1650 973 1888 1027 anulum
1933 972 2116 1026 tradi-

151 1062 364 1115 disset.
410 1059 616 1130 Neque
662 1059 819 1113 enim
863 1076 1038 1114 unum
1103 1075 1237 1114 eum
1286 1060 1588 1115 assedisse
1630 1060 1934 1130 morienti,
1984 1061 2112 1128 sed,

153 1147 662 1204 circumferentem
709 1148 933 1216 oculos,
965 1163 1042 1202 ex
1087 1148 1257 1202 turba
1304 1148 1630 1204 amicorum
1679 1151 1977 1221 delegisse
2023 1149 2117 1205 cui

150 1239 436 1294 traderet.
469 1239 710 1293 Placere
740 1239 926 1307 igitur
953 1253 1243 1292 summam
1273 1238 1507 1308 imperii
1539 1239 1611 1292 ad
1640 1239 1982 1295 Perdiccam
2026 1240 2120 1295 de-

151 1328 327 1383 ferri.
368 1349 389 1374 a

230 1415 356 1469 Nec
392 1413 738 1470 dubitavere
777 1416 920 1486 quin
949 1429 1091 1470 vera
1128 1416 1417 1469 censeret.
1449 1414 1650 1485 Itaque
1678 1415 1949 1471 universi
1981 1432 2120 1486 pro-

154 1507 374 1562 cedere
403 1505 465 1559 in
495 1506 752 1560 medium
777 1505 1139 1567 Perdiccam,
1163 1509 1219 1559 et
1248 1504 1418 1574 regis
1445 1504 1685 1559 anulum
1708 1505 1916 1560 tollere
1938 1506 2119 1579 jube-

153 1595 324 1650 bant.
357 1593 635 1649 Haerebat
662 1594 817 1648 inter
854 1592 1231 1663 cupiditatem
1272 1592 1699 1663 pudoremque,
1729 1594 1807 1660 et,
1838 1609 1956 1664 quo
1994 1603 2137 1648 mea*

155 1682 392 1737 destius
420 1682 578 1758 quod¹
604 1681 985 1752 exspectabat
1014 1685 1334 1751 appeteret,
1365 1681 1734 1750 pervicacius
1753 1682 1794 1709 ¹⁸
1814 1681 2122 1737 oblaturos

156 1787 295 1827 esse
326 1771 618 1825 credebat.
639 1770 840 1840 Itaque
857 1772 1185 1837 cunctatus,
1208 1769 1427 1840 diuque
1447 1770 1588 1840 quid
1611 1773 1815 1841 ageret
1833 1772 2118 1839 incertuS,

156 1860 234 1913 ad
262 1858 534 1914 ultimum
566 1861 759 1912 tamen
786 1858 1057 1923 recessit,
1091 1859 1147 1910 et
1173 1859 1314 1926 post
1346 1873 1472 1923 eos,
1506 1857 1608 1927 qui
1660 1858 1938 1912 sederant
1977 1874 2121 1929 pro-

156 1948 328 2018 ximi,
376 1948 657 2004 constitit.
708 1947 785 2001 At
827 1946 1148 2019 Meleager,
1196 1961 1352 2000 unus
1400 1962 1432 2001 e
1472 1945 1744 2013 ducibus,
1777 1946 2122 2003 confirmato

160 2037 381 2106 animo,
433 2052 605 2106 quem
648 2030 943 2091 Perdiccae
987 2035 1280 2089 cunctatio
1327 2038 1630 2090 erexerat:
1677 2055 1705 2087 α
1743 2037 1867 2091 Nec
1909 2036 1967 2089 di
2011 2036 2123 2090 sie-

160 2127 286 2181 rint
303 2126 365 2195 ¹⁰,
396 2126 607 2197 inquit,
633 2127 695 2178 ut
716 2125 1039 2179 Alexandri
1069 2124 1307 2178 fortuna
1334 2124 1592 2194 tantique
1623 2125 1794 2195 regni
1821 2125 2126 2196 fastigium

160 2215 223 2269 in
252 2216 404 2269 istos
431 2214 712 2268 humeros
741 2217 908 2266 ruat:
945 2214 1215 2267 homines
1247 2216 1408 2267 certe
1437 2228 1557 2266 non
1578 2211 1790 2270 ferent.
1814 2214 1975 2268 Nihil
1997 2214 2125 2268 dico

161 2306 234 2359 de
267 2302 665 2357 nobilioribus
697 2318 872 2373 quam
912 2302 1008 2355 hic
1038 2301 1146 2368 est,
1172 2301 1280 2354 sed
1327 2301 1398 2355 de
1437 2302 1589 2354 viris
1638 2305 1880 2369 tantum,
1911 2303 2128 2373 quibus

161 2393 368 2446 invitis
399 2390 546 2445 nihil
589 2392 823 2461 perpeti
864 2384 1115 2445 necesse
1157 2393 1269 2444 est.
1300 2391 1423 2445 Nec
1452 2405 1597 2445 vero
1641 2393 1892 2445 interest
1908 2391 1968 2458 ²⁰,
2011 2392 2129 2446 Ro-

161 2495 349 2534 xanes
378 2476 583 2549 filiurn,
616 2480 969 2550 quandoque
997 2479 1236 2549 genitus
1277 2481 1406 2546 erit,
1450 2495 1523 2532 an
1562 2479 1899 2533 Perdiccam
1927 2496 2128 2552 regem

166 2569 457 2638 habeatiS,
498 2585 631 2623 cum
661 2570 774 2622 iste
813 2568 924 2621 sub
966 2568 1159 2621 tutelae
1202 2568 1401 2637 specie
1451 2582 1703 2638 regnum
1740 2573 2130 2640 occupaturus

164 2659 262 2713 sit.
293 2658 493 2728 Itaque
521 2673 691 2735 nemo
722 2656 775 2711 ei
802 2673 905 2710 rex
935 2657 1148 2726 placet,
1181 2657 1300 2709 nisi
1330 2656 1430 2725 qui
1477 2658 1738 2711 nondum
1785 2662 1960 2712 natus
2007 2661 2126 2727 est;

165 2749 222 2800 et
248 2747 315 2799 in
344 2749 507 2800 tanta
535 2746 797 2800 omnium
825 2744 1218 2808 festinatione,
1251 2761 1367 2798 non
1389 2744 1553 2814 justa
1581 2746 1776 2813 modo,
1810 2747 1916 2800 sed
1957 2748 2129 2802 etiam

165 2836 530 2903 necessaria,
563 2839 806 2889 exactos
837 2849 1079 2888 menses
1110 2833 1278 2887 solus
1317 2836 1638 2902 exspectat,
1673 2838 1728 2889 et
1749 2836 1874 2906 ,iam
1906 2836 2129 2891 divinat

164 2938 389 2977 marem
418 2939 549 2978 esse
579 2927 953 2992 conceptum.
986 2922 1168 2987 Quem
1188 2921 1226 2948 ¹¹
1259 2937 1372 2975 vos
1395 2922 1676 2976 dubitetis
1702 2928 1961 2993 paratum
1994 2940 2127 2979 esse

163 3011 257 3065 vel
287 3010 541 3065 subdere
561 3011 645 3067 ’Ὗ
669 3011 755 3076 Si,
787 3026 879 3064 me
909 3010 1057 3063 Dius
1087 3009 1293 3063 Fidius
1312 3009 1372 3075 ²⁸,
1406 3009 1745 3071 Alexander
1772 3011 1927 3066 hunc
1953 3014 2126 3069 nobis

215 3190 281 3230 18.
313 3186 609 3231 PervIcacius.
640 3186 811 3240 Ellipse
843 3187 899 3229 de
925 3197 976 3229 eo
1002 3185 1171 3228 devant
1190 3195 1244 3228 ce
1265 3189 1380 3230 mot.

218 3255 285 3293 19.
317 3249 485 3292 sier-tn!
505 3253 567 3292 ut.
592 3249 663 3292 Cf.
698 3252 753 3301 V,
775 3260 873 3303 vm,
893 3252 1001 3292 note
1032 3252 1097 3291 12.

214 3315 289 3355 ΞΟ.
324 3312 529 3357 Interest.
561 3311 705 3366 Apres
734 3311 938 3359 interest,
972 3310 1137 3364 ellipse
1157 3309 1216 3352 de
1235 3313 1404 3355 utrum.
1442 3309 1510 3355 Cf,
1536 3313 1608 3364 111,
1634 3323 1733 3365 vm,
1764 3319 1872 3357 note
1897 3318 1968 3359 13.

216 3379 284 3418 21.
316 3374 448 3426 Quem
477 3374 740 3427 representa
763 3372 1012 3423 Perdiccas,
1038 3371 1161 3426 sujet
1188 3371 1246 3414 de
1278 3371 1321 3415 la
1351 3371 1636 3427 proposition
1665 3374 1890 3420 infinitive
1913 3381 2124 3432 paratum

163 3448 259 3480 esse
288 3438 358 3481 vel
389 3436 593 3479 subdere.

215 3504 282 3543 Β.
315 3498 521 3551 Subdere,
556 3497 839 3541 c'est-a-dire
874 3496 1056 3541 subdere
1091 3506 1271 3539 marem.

214 3566 284 3606 23.
314 3561 383 3604 lle
409 3559 518 3603 Dius
536 3559 710 3606 Fidius.
744 3557 1032 3614 Proposition
1059 3557 1306 3614 elliptique
1328 3569 1446 3615 pour
1470 3559 1539 3603 ita
1564 3572 1632 3604 me
1659 3561 1769 3605 Dius
1793 3561 1952 3605 Fidius
1977 3564 2111 3605 amet.

2171 793 2238 847 16

2170 1059 2239 1114 17

2174 1416 2242 1470 18

2176 1766 2245 1821 19

2177 1945 2246 2000 20

2181 2390 2245 2445 21
