2517 3975
267 405 334 460 14

270 670 337 725 15

266 1113 336 1168 16

266 1556 332 1610 17

267 1732 334 1785 18

265 2086 335 2141 19

389 282 460 337 88
1149 300 1206 346 Q.
1247 299 1421 340 cun-ri
1456 300 1596 340 mm

462 404 675 476 Igitur,
715 409 922 477 quarto
969 405 1084 475 die,
1124 409 1343 478 praeter
1389 408 1786 463 Armeniam”
1831 410 2101 480 penetrat
2148 407 2221 462 ad
2262 407 2365 462 Ti-

390 493 601 567 grin¹⁸.
632 495 776 550 Tota
821 495 989 568 regio
1030 496 1183 551 ultra
1221 511 1455 552 amnem
1494 497 1713 553 recenti
1742 495 2004 551 fumabat
2034 497 2312 552 incendio
2345 511 2360 552 τ

390 582 608 654 quippe
665 584 947 650 MazaeuS,
994 600 1382 656 quaecumque
1438 585 1690 651 adierat,
1746 583 1902 639 haud
1953 600 2127 640 secus
2184 600 2366 654 quam

391 671 607 742 hostis,
647 672 874 730 urebat.
918 675 1001 728 Ac
1039 675 1253 745 primo,
1301 674 1559 746 caligine
1602 689 1776 746 quam
1828 673 2024 728 fumus
2073 672 2364 730 effuderat

389 760 742 818 obscurante
801 763 1011 831 lucem,
1063 764 1415 819 insidiarum
1467 763 1628 818 metu
1679 761 1994 818 substitit:
2036 761 2250 817 deinde
2299 766 2368 817 ut

389 852 792 921 speculatores
849 853 1146 922 praemissi
1204 854 1331 908 tuta
1386 852 1585 907 omnia
1638 850 2088 921 nuntiaverunt,
2134 862 2365 921 paucos

388 940 653 1010 equitum
681 940 755 994 ad
783 941 1124 996 tentandum
1142 940 1360 995 vadum
1389 940 1653 995 fluminis
1682 939 1973 1010 praemisit
1995 955 2010 996 τ
2031 938 2204 1010 cujus
2234 939 2366 994 alti-

388 1027 528 1082 tudo
558 1028 747 1096 primo
795 1044 1020 1085 summa
1071 1044 1360 1101 equorum
1402 1033 1660 1100 pectora,
1711 1043 1868 1095 mox,
1901 1031 1964 1083 ut
2003 1028 2066 1081 in
2104 1028 2365 1082 medium

391 1114 626 1169 alveum
673 1120 912 1171 ventum
958 1122 1070 1186 est,
1110 1118 1377 1173 cervices
1423 1132 1660 1189 quoque
1707 1116 1994 1186 aequabat.
2041 1115 2164 1171 Nec
2214 1131 2366 1172 sane

389 1202 544 1256 alius
588 1203 662 1258 ad
707 1203 967 1260 Orientis
1014 1206 1251 1278 plagam
1298 1208 1417 1260 tam
1456 1204 1807 1261 violentus²⁴
1842 1202 2162 1272 invehitur,
2204 1203 2364 1257 mul-

388 1294 582 1345 torum
610 1294 963 1348 torrentium
1004 1309 1123 1348 non
1162 1309 1347 1364 aquas
1387 1293 1602 1361 solum,
1636 1292 1744 1347 sed
1776 1292 1953 1346 etiam
1980 1306 2127 1346 saxa
2158 1306 2366 1346 secum

388 1380 654 1437 trahens,
688 1382 890 1453 Itaque
926 1398 960 1436 a
998 1382 1317 1448 celeritate,
1350 1396 1468 1453 qua
1506 1379 1725 1447 defluit,
1758 1379 1922 1452 Tigri
1941 1379 1983 1407 ¹⁸
2019 1394 2232 1434 nomen
2272 1382 2366 1434 est

388 1468 665 1539 inditum,
705 1471 840 1540 quia
890 1470 1129 1525 Persica
1174 1471 1383 1540 lingna
1436 1469 1624 1540 tigrin
1669 1469 1951 1541 sagittam
1977 1468 1997 1489 *
2042 1468 2362 1538 appellant.

391 1558 580 1630 Igitur
618 1558 870 1629 pedes²⁸,
903 1559 1063 1613 velut
1107 1558 1340 1614 divisus
1369 1559 1429 1612 in
1469 1573 1713 1625 cornua,
1748 1556 2158 1613 circumdato²⁷
2187 1557 2366 1627 equi-

390 1648 511 1702 tatu
532 1648 571 1713 *,
604 1646 818 1701 levatis
853 1661 1032 1716 super
1069 1647 1263 1717 capita
1293 1646 1478 1705 armis
1499 1646 1540 1712 *‚
1571 1645 1730 1700 haud
1759 1661 1918 1718 aegre
1947 1645 2021 1699 ad
2050 1645 2252 1716 ipsum
2281 1644 2366 1700 al-

390 1747 564 1786 veum
582 1735 868 1802 penetrat.
902 1733 1138 1788 Primus
1169 1733 1325 1787 inter
1353 1732 1586 1804 pedites
1602 1749 1710 1787 rex
1740 1748 2023 1805 egressus
2053 1733 2116 1787 in
2145 1733 2362 1803 ripam,

391 1818 606 1874 vadum
634 1819 919 1875 militibus
933 1836 1129 1889 manu,
1154 1821 1388 1892 quando
1418 1837 1540 1877 vox
1560 1820 1830 1877 exaudiri
1849 1838 1967 1877 non
1996 1824 2250 1892 poterat,
2272 1838 2369 1877 os-

388 1908 596 1966 tendit.
641 1909 758 1964 Sed
800 1909 1050 1981 gradum
1089 1909 1323 1967 firmare
1369 1910 1473 1965 vix
1510 1912 1800 1981 poterant,
1841 1925 1974 1965 cum
2012 1910 2185 1964 modo
2218 1925 2366 1964 saxa

386 1989 619 2055 lubr'ica
646 2001 966 2072 vestigium
985 2000 1026 2027 ²⁸
1055 2000 1348 2068 fallerent,
1380 2000 1552 2055 modo
1593 1999 1859 2070 rapidior
1886 1999 2047 2054 unda
2075 1999 2365 2055 subduce-

390 2090 500 2143 ret.
532 2088 880 2158 Praecipuus
909 2092 1038 2143 erat
1065 2088 1235 2143 labor
1264 2103 1471 2143 eorum
1501 2088 1603 2159 qui
1650 2086 1914 2144 humeris
1939 2103 2128 2144 onera
2156 2092 2361 2158 porta-

387 2176 531 2230 bant
564 2193 578 2230 :
604 2176 813 2246 quippe
834 2191 968 2230 cum
986 2174 1339 2245 semetipsos
1354 2190 1565 2247 regere
1585 2190 1701 2229 non
1727 2178 1998 2245 possent,
2023 2175 2085 2228 in
2115 2174 2363 2245 rapidos

387 2265 658 2337 gurgites
687 2264 1057 2321 incommodo
1089 2280 1271 2319 onere
1299 2264 1745 2331 auferebantur,
1776 2268 1853 2333 et,
1881 2263 2025 2319 dum
2054 2279 2166 2318 sua
2196 2263 2364 2334 quis-

388 2368 501 2424 que
530 2353 772 2425 spolia¹⁹
809 2353 1098 2422 consequi
1138 2352 1353 2422 studet,
1384 2351 1578 2424 major
1616 2352 1772 2407 inter
1811 2353 1981 2423 ipsos
2011 2367 2185 2423 quam
2229 2367 2363 2407 cum

438 2556 512 2597 22.
553 2553 824 2600 Armeniam.
860 2555 1119 2599 L'Armenie
1161 2557 1236 2598 est
1266 2564 1320 2597 ce
1348 2554 1462 2598 haut
1489 2564 1607 2609 pays
1637 2555 1719 2610 qui
1748 2554 1996 2609 comprend
2041 2554 2084 2599 le
2113 2553 2277 2598 bassin
2303 2552 2361 2597 de

385 2615 571 2659 l’Arexe
613 2616 709 2671 (qui
757 2630 809 2662 se
835 2619 949 2673 jette
994 2616 1109 2661 dans
1155 2616 1199 2659 la
1245 2616 1548 2670 Caspienne).
1585 2620 1633 2660 et
1660 2617 1731 2660 les
1760 2618 1946 2661 bassins
1999 2614 2271 2671 superieurs
2299 2613 2363 2659 du

386 2677 521 2729 Tigre
550 2683 596 2720 et
630 2679 688 2722 de
718 2679 997 2733 l'Euphrate.
1026 2682 1061 2721 A
1091 2677 1307 2721 l'endroit
1349 2674 1410 2722 οὺ
1438 2687 1516 2721 ces
1545 2676 1674 2722 deux
1702 2679 1879 2723 sseuves
1908 2680 2146 2724 enti-aient
2171 2678 2289 2722 dans
2317 2677 2364 2721 la

386 2739 540 2793 plaine
564 2738 763 2784 finissait
802 2739 1054 2784 l'Armenie
1083 2747 1129 2784 et
1175 2740 1479 2796 commencait
1508 2740 1555 2783 la
1581 2739 1931 2795 Mesopotamia.
1961 2739 2223 2783 L'Armenie
2252 2739 2362 2783 etait

386 2798 560 2870 divisee
588 2812 669 2854 par
697 2802 964 2859 l'Euphrate
992 2814 1051 2847 en
1081 2801 1210 2846 deux
1237 2800 1416 2856 parties
1445 2800 1657 2855 inegales
1687 2810 1701 2845 ε
1729 2802 1971 2847 l'Armenia
1999 2803 2143 2847 minor
2168 2805 2219 2846 et
2244 2800 2365 2844 l’Ar-

385 2872 540 2905 menta
569 2864 731 2915 major.

434 2925 509 2967 23.
547 2923 727 2978 Tiarin.
751 2927 812 2968 Le
836 2925 972 2981 Tigre
999 2924 1146 2980 prend
1174 2937 1227 2971 sa
1258 2936 1428 2971 source
1457 2926 1571 2971 dans
1589 2926 1664 2971 les
1691 2933 1845 2971 monta
1862 2925 1920 2970 de
1946 2928 2211 2989 riti-menie,
2241 2934 2359 2989 puis,

383 2987 571 3030 content
607 2988 721 3032 verd
750 2988 794 3031 le
822 2990 979 3039 S.-E.,
1008 2990 1161 3033 arrive
1185 2988 1368 3035 bientOt
1408 2989 1524 3033 dans
1559 2988 1608 3033 la
1636 2989 1807 3044 plaiae,
1832 2988 1944 3033 dont
1971 2990 2002 3035 il
2038 2991 2185 3039 forme
2216 2996 2244 3039 a
2270 3007 2360 3052 peu

384 3049 490 3104 pres
518 3050 565 3093 la
589 3049 736 3093 limite
754 3049 996 3103 orientale,
1027 3061 1107 3095 car
1137 3063 1216 3096 sur
1245 3063 1298 3096 sa.
1317 3052 1415 3096 rive
1444 3050 1624 3106 gauche
1654 3057 1978 3096 commencent
1993 3052 2064 3098 les
2084 3063 2360 3113 montagues

384 3112 465 3214 {lui
492 3114 790 3156 soutienuent
827 3113 871 3157 le
891 3112 1079 3167 plateau
1102 3112 1160 3159 de
1184 3114 1346 3160 l'lran.
1373 3114 1486 3158 nse
1511 3114 1667 3158 reunit
1695 3114 1723 3157 a
1749 3113 2016 3168 l‘Euphrete
2045 3127 2158 3170 pour
2186 3119 2359 3164 tormer

404 3185 428 3215 e
457 3173 791 3219 Chat-el-Arab.

435 3235 508 3280 it.
543 3235 674 3278 Alius
694 3239 782 3279 tam
803 3235 1040 3286 violentus.
1072 3239 1159 3282 Ces
1189 3243 1309 3280 mets
1337 3246 1395 3278 ne
1421 3240 1629 3291 peuvent
1657 3248 1741 3291 pas
1772 3248 1823 3281 se
1847 3245 2088 3293 rapporter
2114 3236 2143 3285 a
2170 3244 2350 3296 numen.

382 3298 552 3352 Quinte
579 3300 720 3341 curce
748 3307 893 3351 songe
920 3309 1031 3342 sans
1058 3298 1197 3343 doute
1224 3301 1250 3341 a
1270 3298 1429 3353 avenis,
1456 3299 1567 3355 qu'il
1594 3300 1859 3354 exprimere
1878 3302 1984 3356 plus
2014 3303 2137 3351 loin.

433 3360 507 3405 25.
544 3358 682 3413 Tiari,
703 3358 843 3405 datii.
877 3359 947 3405 ct'.
980 3363 1056 3415 111,
1085 3373 1195 3413 xm,
1222 3366 1330 3406 note
1351 3358 1424 3404 10.
1715 3374 1722 3380 ·

434 3423 507 3468 26.
541 3421 694 3465 Pedes.
714 3422 782 3465 Gt.
810 3424 882 3476 111,
913 3433 946 3474 1,
979 3427 1086 3466 note
1106 3424 1152 3469 3.

435 3484 509 3528 27.
546 3483 846 3527 circumdato.
877 3484 948 3527 Cr.
985 3486 1058 3538 111,
1090 3496 1139 3538 ιι,
1160 3485 1203 3532 4,

433 3550 507 3590 28.
549 3544 806 3599 vestiamus,
835 3544 883 3589 la
911 3544 1075 3599 plante
1093 3544 1177 3590 des
1205 3547 1360 3600 pieds.

435 3607 509 3656 D.
541 3606 629 3651 Sua
654 3606 813 3662 spotia.
844 3610 906 3652 ce
935 3606 1015 3661 qui
1035 3606 1105 3652 lui
1128 3618 1156 3650 a
1178 3606 1250 3652 ete
1276 3609 1442 3654 enies-e
1477 3621 1561 3666 par
1583 3610 1630 3657 le
1651 3611 1816 3658 fleus-e.
