2517 3975
540 251 929 289 msa-amanum
968 250 1299 289 Anaxannm
1339 255 1394 302 v,
1439 256 1562 291 xm.
1935 241 2031 300 ,161

145 353 328 409 fossum
358 360 688 414 vulnerIbus
719 359 1077 429 relinquunt.
1112 358 1385 413 Jumenta
1416 375 1671 432 quoque,
1693 378 1768 416 ne
1797 363 2040 435 longius
2102 374 2163 430 Π

137 447 373 515 prosequi
401 448 437 474 ¹⁴
481 455 728 518 possent
755 449 814 508 ⁴⁸.
857 449 1321 514 convulnerant,
1373 450 1604 506 duobus
1665 453 1891 519 serviS,
1942 455 2042 523 qui

137 545 305 600 regem
331 537 770 603 comitabantur,
796 537 1033 590 occisis,
1060 536 1186 591 Hoc
1216 537 1372 591 edito
1406 538 1686 606 facinore,
1707 542 1773 592 ut
1798 538 2044 612 vestigia
2101 554 2170 606 18

96 682 97 685 Ἴ
135 615 260 690 fugae
287 626 695 695 spargerentffl,
724 626 1104 679 Nabarzanes
1129 625 1508 695 Hyrcaniam,
1545 627 1772 683 Bessus
1811 629 2041 694 Bactra,

134 710 301 773 paucis
340 713 588 782 equitum
635 713 1075 780 comitantibus,
1124 714 1428 783 petebant.
1476 715 1748 783 Barbari,
1797 717 2044 772 ducibus

138 795 373 869 destituti,
397 818 506 872 qua
527 819 814 874 quemque
845 806 946 855 aut
975 818 1114 872 spes
1146 803 1398 858 ducebat
1429 807 1525 858 aut
1553 822 1760 875 pavor,
1791 807 2046 875 dissipa-

132 885 308 942 bantur
336 909 348 944 :
386 908 419 946 n
444 896 668 948 tantum
697 893 923 962 equites
953 898 1468 964 congregaverant
1493 910 1577 961 se,
1616 896 1826 950 incerti
1855 896 2046 950 adhuc

132 976 371 1034 resistere
391 982 428 1008 ¹⁷
456 983 668 1037 melius
698 985 859 1036 esset
889 998 963 1035 an
994 981 1228 1053 fugere.

182 1084 504 1157 Alexander,
547 1089 807 1143 hostium
850 1090 1301 1159 trepidatione¹⁸
1331 1094 1649 1160 comperta,
1690 1091 2045 1146 Nicanorem
2105 1105 2173 1160 19

130 1186 232 1226 cum
260 1177 504 1246 equitum
537 1180 703 1249 parte
735 1178 805 1231 ad
837 1178 1214 1232 inhibendam
1244 1177 1441 1249 fugam
1472 1180 1717 1233 emittit:
1751 1180 1880 1250 ipse
1914 1198 2046 1235 cum

125 1265 295 1318 ceteris
322 1268 617 1337 sequitur.
655 1268 791 1321 Tria
828 1268 1016 1322 ferme
1058 1267 1242 1320 millia
1284 1269 1622 1322 resistentia
1660 1271 1856 1323 occisa
1883 1275 2044 1339 sunt,

125 1350 372 1423 reliquum
393 1373 628 1428 agmen,
651 1356 938 1426 pecudum
962 1373 1148 1423 more,
1174 1357 1450 1411 intactum
1472 1358 1780 1428 agebatur,
1799 1357 2047 1429 jubente

120 1452 232 1509 rege
260 1445 369 1494 ut¹'
407 1446 676 1500 caedibus
713 1444 1132 1499 abstineretur.
1174 1445 1363 1498 Nemo
1395 1447 1765 1514 captivorum
1795 1451 1919 1501 erat
1950 1448 2051 1517 qui
2105 1461 2177 1515 20

120 1533 412 1587 monstrare
456 1533 621 1587 Darii
651 1533 986 1587 vehiculum
1017 1536 1220 1603 posset
1254 1551 1267 1587 ε
1309 1534 1547 1604 singula
1563 1535 1623 1602 ²⁰,
1656 1536 1769 1589 ut²¹
1802 1552 2050 1606 quaeque

117 1619 449 1690 prenderent,
483 1611 922 1690 scrutabantur,
955 1638 1062 1676 nee
1102 1624 1298 1676 tamen
1327 1624 1514 1677 ullum
1542 1625 1864 1694 vestigium
1893 1624 2049 1696 fugae

116 1705 248 1775 regis
275 1712 571 1766 exstabat.
609 1711 1016 1765 Festinantem
1046 1711 1453 1766 Alexandrum
1476 1713 1578 1766 vix
1601 1731 1664 1767 111
1684 1714 1867 1768 millia
1888 1716 2054 1784 equi·
2107 1728 2171 1782 21

113 1791 209 1846 tum
245 1804 555 1867 persecuta
601 1804 756 1854 sunt.
806 1800 881 1853 At
919 1800 983 1853 in
1031 1814 1154 1867 θος,
1208 1804 1309 1869 qui
1353 1798 1576 1855 lentius
1625 1804 2049 1872 sequebantur,

110 1880 415 1943 incidebant
442 1891 731 1945 universa
763 1888 1120 1960 fugientium
1150 1890 1408 1959 agmina.
1433 1890 1542 1943 Vix
1559 1890 1842 1945 credibile
1872 1891 2050 1956 dictu,
2110 1905 2179 1960 22

108 1969 277 2038 plures
305 1980 554 2050 captivi,
578 1996 753 2050 quam
783 1978 882 2049 qui
912 1981 1208 2048 caperent,
1237 1982 1402 2032 erant
1427 1994 1438 2033 :
1476 1980 1619 2034 adeo
1652 1996 1882 2034 omnem
1911 1996 2055 2034 sen-

110 2074 217 2115 sum
257 2068 484 2122 territis
528 2068 769 2122 fortuna
820 2067 1058 2137 penitus
1102 2072 1481 2136 excusserat,
1528 2070 1590 2121 ut
1638 2084 1748 2122 nec
1794 2068 2054 2122 hostium

106 2151 429 2215 paucitatem
459 2170 579 2209 nec
610 2154 1039 2231 multitudinem
1069 2169 1237 2207 suam
1268 2155 1414 2207 satis
1446 2157 1778 2209 cernerent.

161 2255 390 2313 Interim
412 2261 715 2332 jumenta,
761 2275 892 2329 quae
938 2260 1181 2313 Darium
1229 2259 1541 2324 vehebant,
1584 2260 1743 2313 nullo
1786 2262 2053 2331 regente,
2112 2284 2182 2337 23

107 2340 467 2404 decesserant
499 2349 747 2403 militari
775 2349 873 2402 via
893 2349 956 2416 ³²,
989 2350 1063 2415 et,
1100 2363 1301 2402 errore
1319 2349 1505 2403 delata
1529 2365 1639 2419 per
1657 2353 1909 2419 quatuor
1938 2354 2056 2402 sta-

107 2431 222 2502 dia*,
240 2438 299 2491 in
321 2440 590 2509 quadam
607 2437 761 2492 valle
785 2438 1190 2503 constiterant,
1217 2439 1364 2491 aestu
1389 2438 1683 2507 simulque
1704 2438 2055 2493 vulneribus

107 2516 339 2598 fatigata.
382 2527 565 2582 Haud
593 2527 803 2596 procul
834 2529 960 2581 erat
990 2525 1147 2592 fone,
1169 2526 1239 2579 ad
1271 2542 1446 2597 quem
1476 2529 1866 2582 monstratum
1894 2544 1927 2582 a
1953 2544 2057 2599 pe-
2112 2549 2181 2604 24

138 2778 197 2817 14.
229 2775 472 2832 Prosequi,
503 2774 676 2827 ellipse
696 2774 758 2817 du
783 2771 959 2827 regime
988 2773 1129 2827 ipsos.

76 2877 83 2886 ,
140 2838 197 2879 15.
230 2839 442 2886 Possent.
460 2870 503 2885 ..
525 2836 863 2880 convulnerant.
888 2836 983 2890 CL,
1007 2847 1085 2879 sur
1110 2836 1156 2878 la
1179 2836 1582 2891 correspondance
1612 2836 1693 2879 des
1714 2841 1884 2891 temps,
1910 2841 1978 2888 lv,
2010 2850 2056 2894 v,

106 2901 185 2940 note
209 2902 278 2944 13.

134 2964 193 3006 16.
234 2965 440 3019 Vestiqia
459 2969 581 3017 1²⁴9ae
597 2965 873 3016 spat-pereat,
893 2961 1094 3012 locution
1110 2972 1202 3004 non
1225 2961 1480 3015 classique.

135 3027 195 3071 17.
226 3027 466 3070 Resistet-e
499 3036 559 3068 an
584 3025 746 3078 supere.
772 3025 940 3078 Ellipse
955 3024 1013 3066 de
1035 3028 1200 3067 utrum.
1236 3024 1305 3067 Ct'.
1336 3026 1407 3076 111,
1438 3035 1534 3077 vui,
1561 3029 1667 3067 note
1690 3025 1759 3068 13.

136 3086 194 3129 18.
229 3088 581 3144 Τνερίιίαίὶοηε,
607 3089 651 3130 le
681 3088 878 3137 trouble,
905 3086 947 3128 le
975 3086 1214 3130 desordre.
1250 3086 1373 3130 C'est
1401 3087 1443 3128 le
1466 3097 1576 3129 sens
1606 3088 1710 3140 qu'a
1735 3092 1933 3130 souvent
1965 3090 2057 3130 tre-

91 3145 234 3196 pidare.
269 3153 401 3196 Totis
425 3150 690 3205 trepidatur
715 3149 899 3202 eastris,
923 3152 1052 3204 atque
1072 3149 1190 3191 alius
1220 3161 1276 3191 ea:
1304 3149 1394 3192 alio
1423 3159 1599 3191 eausam
1629 3150 1846 3192 tumultus
1874 3149 2052 3203 quaerit.

95 3211 185 3254 Tout
204 3214 247 3257 le
274 3227 422 3269 camp
448 3220 533 3256 est
551 3224 609 3254 en
631 3211 849 3255 desordre
875 3211 1034 3266 (Caes.,
1066 3212 1185 3255 Bell.
1217 3212 1364 3264 Gall.,
1392 3214 1461 3263 Vl,
1481 3212 1572 3265 37).

136 3272 195 3321 19.
225 3276 418 3320 lubente
444 3278 520 3318 ut.
551 3273 684 3317 subeo
703 3285 812 3316 avec
828 3276 876 3316 ut
895 3279 941 3315 et
968 3275 1011 3315 le
1040 3274 1313 3328 subjonctit',
1340 3273 1455 3316 dans
1478 3275 1522 3316 le
1553 3284 1661 3316 sens
1684 3273 1741 3317 de
1771 3272 2059 3324 commanda,

97 3339 148 3376 θεῖ
166 3350 274 3385 rare.
294 3339 556 3385 Tite-Live
584 3337 642 3378 l’a
657 3334 886 3390 employe.
909 3337 1083 3389 Maponi
1111 3337 1364 3379 nuntiatum
1391 3336 1441 3378 ab
1465 3335 1732 3390 Carthagine
1759 3338 1842 3390 est,
1862 3339 2060 3377 senatum

98 3394 227 3456 jubere,
244 3408 292 3447 ut
313 3404 530 3446 classem
547 3400 594 3442 in
616 3399 793 3442 ltaliam
821 3399 1056 3451 trajiceret
1084 3399 1157 3452 (T.
1190 3399 1309 3447 Liv„
1338 3399 1521 3451 xxvm,
1542 3398 1630 3451 36).

140 3458 196 3504 2⁰.
223 3465 437 3519 Sinonia,
453 3461 762 3506 c'est-a-dire
787 3461 964 3514 sinuata
978 3461 1202 3505 vehicula.

138 3522 193 3569 21.
226 3528 301 3582 Ut,
327 3528 357 3572 a
378 3535 585 3570 mesure
604 3535 712 3579 que.

139 3586 192 3628 ΞΖ.
216 3591 420 3635 Militari
451 3587 557 3632 via.
581 3588 652 3632 Cf.
676 3590 726 3637 V,
753 3597 851 3637 vin,
867 3590 975 3630 note
993 3586 1042 3630 6.
