2517 3975
613 245 1004 285 msronmnuu
1040 245 1371 286 Ansxsnnm
1410 245 1536 299 vm,
1576 248 1635 283 x.
2000 228 2107 286 295

148 350 372 420 affecit,
405 354 921 427 opportunumque
948 353 1272 409 remedium
1300 353 1464 424 ignis
1493 354 1750 410 oblatum
1781 358 1905 410 est:
1931 356 2109 410 ooesis

148 440 368 512 quippe
406 441 603 508 silvis,
630 441 922 497 flammam
951 442 1381 498 excitaverunt.
1428 440 1570 507 Quae
1609 442 1791 515 lignis
1834 444 1970 497 alita
1999 459 2109 514 op-

145 528 504 598 pidanorum
520 529 793 600 sepulcra
810 530 1274 599 comprehendit.
1289 531 1535 585 Vetusta
1554 531 1730 585 cedro
1747 534 1916 586 erant
1936 530 2107 599 facta,

143 621 609 690 conceptumque
649 620 850 691 ignem
880 620 994 675 late
1022 619 1246 689 fudere,
1279 619 1466 674 donec
1496 621 1692 674 omnia
1721 621 1854 676 solo
1884 624 2112 690 {equata

145 709 312 762 sunt.
371 706 442 761 Et
488 721 565 762 ex
608 707 757 763 urbe
800 709 1057 778 primum
1104 723 1317 762 canum
1359 708 1629 773 latroeuS,
1678 708 1889 763 deinde
1935 710 2110 763 etiam

143 792 451 849 hominum
477 794 749 851 fremitus
776 796 1015 851 auditus
1047 799 1157 852 est.
1192 796 1357 849 Tunc
1384 798 1441 850 et
1469 786 1746 865 oppidani
1774 796 2025 862 hostem,
2053 799 2112 852 ot

146 882 499 939 Macedones
528 884 603 939 ad
631 871 841 944 urbem
869 886 1077 955 ipsos⁹
1106 885 1352 942 venisse
1379 887 1768 956 cognoscunt.

214 971 464 1043 Jamque
512 989 622 1029 rex
669 974 953 1030 eduxerat
996 976 1204 1046 copias
1251 977 1310 1028 et
1353 974 1574 1029 moenia
1620 974 1947 1046 obsidebat,
1979 990 2111 1031 cum

143 1061 430 1130 hostium,
462 1063 563 1134 qui
579 1064 620 1092 ¹⁰
647 1064 968 1120 discrimen
982 1065 1019 1092 ¹¹
1053 1065 1458 1130 tentaverant,
1498 1063 1699 1120 obruti
1736 1064 1915 1120 telis*
1948 1067 2108 1120 sunt.

142 1150 292 1205 Aliis
310 1165 458 1222 ergo
481 1150 863 1221 deditionem,
887 1152 1026 1208 aliis
1055 1168 1317 1224 pugnam
1345 1152 1608 1223 experiri
1637 1152 1932 1223 placebat;
1965 1167 2115 1225 quo-

140 1255 274 1294 rum
303 1239 671 1297 dubitatione
698 1246 1020 1314 comperta,
1051 1241 1467 1297 circumsideri
1510 1244 1738 1296 tantum
1785 1257 1890 1300 eos
1920 1246 1978 1298 et
2005 1242 2113 1298 abe-

139 1328 417 1384 stineri¹¹
445 1330 711 1386 caedibus
743 1331 932 1403 jussit
965 1350 979 1386 ε
1012 1332 1367 1401 tandemque
1398 1330 1735 1386 obsidionis
1772 1331 1947 1386 malis
1980 1331 2114 1388 fati-

137 1418 262 1490 gati
283 1416 559 1473 dedidere
590 1434 675 1473 se.
699 1420 751 1473 A
773 1419 991 1474 Libero
1018 1420 1192 1473 Patre
1209 1419 1229 1440 *
1251 1418 1522 1473 conditos
1551 1435 1617 1473 se
1638 1433 1777 1473 esse
1803 1419 2110 1475 dicebant:

135 1508 196 1561 et
233 1522 383 1561 vera
423 1506 553 1562 hoeo
594 1508 772 1580 origo
822 1512 967 1564 erat.
1009 1507 1138 1563 Sita
1182 1510 1275 1563 est
1302 1508 1342 1536 ¹⁸
1380 1507 1493 1562 sub
1530 1506 1831 1562 radicibus
1867 1509 2110 1577 montis,

135 1607 319 1665 quom
374 1593 581 1654 Meron
611 1596 653 1623 ¹⁴
704 1596 915 1652 incoloe
970 1594 1290 1667 appellant.
1348 1593 1491 1651 Inde
1544 1594 1738 1650 Graeci
1789 1595 2114 1651 mentiendi

135 1684 380 1740 traua-e
434 1683 758 1752 licentiam,
807 1684 982 1740 Jovls
1008 1684 1031 1705 *
1059 1683 1280 1740 femine
1327 1683 1607 1739 Liberum
1630 1681 1652 1704 '¹
1697 1683 1931 1739 Patrem
1975 1699 2113 1742 esse

136 1772 414 1827 celatum.
464 1772 623 1841 Rex,
664 1774 784 1828 situ
832 1775 1054 1828 montis
1101 1774 1346 1845 cognito
1392 1788 1468 1828 ex
1516 1772 1760 1841 incolis,
1812 1789 1945 1828 cum
1993 1775 2111 1830 toto

136 1860 437 1929 exercitu,
479 1861 812 1931 praemissis
851 1862 1296 1930 commeatibus,
1326 1862 1609 1918 verticem
1656 1862 1792 1934 ejus
1824 1864 2111 1920 ascendit.

138 1949 325 2007 Multa
353 1947 573 2007 heroda
602 1950 856 2022 vitisque
884 1952 1007 2006 toto
1036 1950 1312 2023 gignitur
1336 1952 1558 2022 monte,
1587 1949 1786 2007 multae
1814 1965 2112 2023 perennes

137 2053 313 2110 aquae
368 2041 629 2099 manant.
678 2039 997 2096 Pomorum
1048 2055 1283 2111 quoque
1328 2039 1483 2093 varii
1536 2040 1928 2112 salubresque
1978 2041 2112 2101 suoi

138 2131 310 2199 sunt,
370 2145 481 2183 sua
535 2131 753 2199 sponte
810 2130 1185 2184 fortuitorum
1240 2129 1536 2184 seminum
1595 2129 1801 2201 fruges
1836 2130 1877 2166 ¹⁸
1932 2130 2111 2188 humo

136 2218 457 2277 nutriente.
490 2218 672 2293 Lauri
698 2218 1085 2290 baccarisque
1114 2221 1171 2274 et
1199 2217 1380 2272 inuloe
1408 2218 1589 2272 multa
1616 2218 1681 2273 in
1709 2217 1830 2274 illis
1858 2220 2109 2290 rupibus

135 2307 399 2379 agrestis
439 2309 532 2363 est
564 2307 741 2364 silva.

207 2395 401 2453 Credo
449 2397 723 2468 equidem
762 2414 883 2452 non
935 2398 1139 2453 divino
1174 2398 1485 2466 instinctu,
1524 2399 1634 2453 sed
1677 2398 1926 2454 lascivia
1971 2415 2107 2457 esse

135 2489 452 2557 provectos
472 2486 514 2514 ¹⁶
552 2490 616 2540 ut
652 2489 879 2558 passim
914 2487 1153 2543 hederae
1183 2505 1249 2542 ac
1280 2488 1488 2541 vitium
1529 2486 1668 2542 folia
1698 2487 2104 2559 decerperent,

138 2575 518 2651 redimitique
551 2574 780 2643 fronde,
814 2579 936 2631 toto
969 2592 1212 2632 nemore
1252 2578 1481 2633 similes
1525 2577 1950 2633 bacchantibus
1979 2595 2106 2635 ’νει-

141 2667 446 2735 gerentur.
479 2662 738 2721 Vocibus
768 2680 913 2737 ergo
942 2658 1031 2720 tot
1057 2661 1307 2722 millium
1330 2658 1644 2737 praesidem
1676 2668 1939 2723 nemoris
1969 2664 2105 2743 ejus

189 2892 235 2937 9.
267 2893 394 2948 Ipsos
412 2904 529 2947 pour
547 2905 617 2937 se.

188 2959 257 3000 1⁰.
294 2955 399 3007 Qui.
425 2952 598 3010 tuipse
629 2952 688 3000 de
724 2954 1036 3001 l’antecedent
1062 2954 1159 3014 im,
1190 2954 1302 3001 dont
1323 2954 1505 3013 depend
1533 2955 1739 3014 hostium,
1763 2962 1883 3007 ceux
1903 2958 1986 3003 des
2014 2970 2105 3006 en·

138 3017 308 3062 nemis.

188 3085 258 3125 ss.
291 3078 569 3124 visor-imon.
602 3080 698 3136 Cf„
730 3091 813 3124 sur
837 3091 891 3124 ce
914 3085 1026 3134 mot,
1045 3082 1116 3135 lv,
1138 3092 1209 3138 xx,
1227 3087 1336 3126 note
1354 3084 1431 3127 38.

188 3145 259 3187 12.
294 3140 542 3185 Abstineri.
566 3140 905 3195 impersonnel.

188 3203 257 3247 13.
292 3202 396 3246 Sita
418 3206 500 3258 est,
530 3203 658 3257 sujet
680 3203 785 3247 Haec
814 3204 937 3253 urbs.

188 3267 260 3312 1⁴.
293 3265 462 3312 Heron.
497 3268 665 3313 Est-co
682 3266 727 3309 le
757 3272 885 3310 mont
906 3267 1078 3319 Meron,
1106 3266 1222 3312 dans
1246 3269 1292 3312 la
1319 3267 1486 3313 chaine
1510 3270 1568 3314 de
1588 3266 1882 3324 l’flimalaya‘?
1907 3272 1970 3317 Ge
1993 3276 2101 3317 nom

138 3326 356 3379 presente
383 3338 477 3371 une
499 3325 704 3372 certaine
730 3322 939 3385 anhlogie
963 3340 1079 3374 avec
1108 3330 1152 3374 le
1177 3336 1273 3374 mot
1301 3341 1413 3387 grec
1443 3316 1611 3389 Μηρος
1639 3332 1832 3397 (culsse)
1858 3348 1870 3376 ε
1900 3333 1958 3377 de
1987 3334 2031 3377 la
2054 3336 2100 3376 la

139 3387 331 3443 legende
347 3386 405 3432 de
424 3388 653 3433 Bacchus.

191 3456 260 3495 ¹5.
295 3451 459 3504 Fruoee
497 3452 778 3506 tbrtuitorum
813 3455 1025 3499 seminum
1054 3467 1169 3517 pour
1207 3454 1354 3510 fraqe-⁹
1387 3470 1411 3502 e
1443 3458 1647 3517 fortuitis
1678 3456 1915 3507 seminibus
1942 3470 2097 3514 prove-

142 3509 323 3554 nientes.
354 3513 416 3554 Ce
443 3511 618 3566 genitif
636 3514 757 3557 n'est
783 3524 867 3567 pas
886 3516 942 3557 de
969 3516 1148 3573 l'usage
1178 3517 1430 3572 classique.

194 3576 265 3620 16.
297 3573 552 3627 Provectos,
581 3585 696 3618 s.-e.
730 3575 999 3623 Macedones.

2165 973 2236 1028 10

2167 1417 2232 1473 11

2167 1508 2237 1564 12

2167 1776 2235 1831 ¹8

2165 2043 2236 2100 14

2164 2401 2234 2457 15

2158 2671 2229 2727 16
