2517 3975
421 250 491 305 88
1185 263 1239 308 Q.
1277 261 1453 300 curm
1493 261 1627 300 num

417 391 597 430 curru
627 372 899 428 sublimis
928 372 1244 440 eminebat,
1272 375 1330 425 et
1358 371 1489 426 suis
1522 371 1595 424 ad
1625 385 1693 424 se
1715 369 1996 424 tuendum
2025 371 2082 423 et
2112 368 2391 423 hostibus

327 472 360 525 8
416 464 490 520 ad
543 463 959 518 incessendum
1012 462 1228 532 ingens
1278 462 1751 516 incitamentum.
1808 458 1969 529 Ergo
2024 458 2207 512 frater
2254 458 2389 529 ejus

413 552 704 608 Oxathres
723 552 761 617 ⁶,
804 566 935 604 cum
982 549 1385 603 Alexandrum
1433 550 1658 603 instare
1697 548 1752 602 ei
1796 549 2088 611 cerneret,
2134 547 2387 615 equiteS,

414 641 633 713 quibus
660 640 934 709 praeerat,
968 640 1101 691 ante
1127 636 1323 705 ipsum
1353 651 1590 691 currum
1628 637 1792 708 regis
1830 634 2069 705 objecit.
2097 634 2303 689 Armis
2333 639 2391 690 et

412 731 627 785 robore
658 728 929 798 corporis
962 727 1210 781 multum
1232 741 1415 796 super
1440 730 1672 781 ceteros
1696 726 1984 793 eminenS,
2008 726 2206 781 animo
2236 742 2387 781 vero

413 822 469 874 et
498 819 710 889 pietate
741 820 802 870 in
831 815 1070 887 pauois⁶
1101 815 1386 885 insigniS,
1408 814 1506 869 illo
1529 815 1729 885 utique
1758 814 1967 885 proelio
1989 814 2206 882 clarus,
2230 816 2386 870 alios

320 911 356 969 9
402 906 740 978 improvide
781 907 1070 960 instantes
1115 905 1457 975 prostravit,
1491 904 1642 958 alios
1679 904 1741 957 in
1783 902 1989 973 fugam
2035 903 2267 958 avertit.
2312 904 2388 959 At

392 995 781 1061 Macedones,
815 994 916 1063 qui
955 993 1111 1047 circa
1141 1006 1346 1062 regem
1383 994 1571 1057 erant,
1601 994 1805 1045 mutua
1835 991 2240 1046 adhortatione
2289 990 2388 1045 fir-

408 1083 568 1150 mati,
616 1098 749 1136 cum
794 1082 927 1151 ipso
973 1081 1037 1135 in
1083 1083 1345 1152 equitum
1389 1097 1605 1152 agmen
1649 1080 2005 1151 irrumpunt.
2052 1079 2201 1134 Tum
2234 1097 2385 1136 vero

398 1171 626 1227 similis
665 1172 854 1225 ruinae
898 1171 1171 1240 strages⁷
1214 1174 1362 1224 erat.
1399 1170 1571 1225 Circa
1619 1185 1859 1224 currum
1905 1169 2386 1240 Dariijacebant

400 1259 773 1314 nobilissimi
794 1259 996 1326 duces,
1017 1262 1151 1314 ante
1173 1259 1376 1314 oeulos
1407 1259 1575 1330 regis
1591 1260 1834 1330 egregia
1855 1260 2044 1312 morie
2065 1257 2382 1331 defuucw,
2497 1223 2500 1312 1

407 1362 616 1403 omnes
632 1352 696 1402 in
718 1364 819 1403 ora
846 1348 1046 1418 proni,
1070 1345 1225 1402 sicut
1252 1347 1605 1401 dimicantes
1635 1347 2382 1418 pr0.cubueraut,.adverso

280 1447 348 1502 10
405 1451 660 1506 corpore
701 1435 1054 1489 vulneribus
1096 1435 1368 1503 acceptis
1401 1434 1563 1489 Inter
1598 1433 1713 1489 hos
1741 1434 1978 1504 Atizyes
2009 1435 2065 1487 et
2101 1433 2385 1488 Rheomi-

406 1524 570 1579 thres
616 1529 672 1579 et
714 1523 994 1590 SabaceS‚
1035 1527 1258 1593 praetor
1305 1523 1577 1594 AEgypti,
1614 1538 1968 1594 magnorum
2013 1522 2384 1577 exercituum

403 1611 691 1682 praefecti,
723 1611 1206 1665 noscitabantur:
1241 1612 1398 1666 circa
1431 1627 1538 1666 eos
1569 1612 1862 1665 cumulata
1892 1610 2385 1681 erant⁰peditum

403 1701 782 1770 equitumque
813 1699 1127 1753 ohscurior
1164 1699 1354 1752 turba.
1389 1699 1770 1754 Macedonum
1812 1715 2039 1770 quoque
2079 1714 2203 1753 non
2242 1703 2381 1771 qui-

401 1787 533 1842 dem
561 1789 751 1855 multi,
787 1790 891 1841 sed
921 1787 1354 1857 promptissimi
1390 1791 1606 1855 tamen,
1640 1788 1781 1843 caesi
1812 1792 1952 1843 sunt
1984 1803 1997 1842 :
2043 1788 2195 1842 inter
2227 1804 2384 1859 quos

399 1876 723 1934 Alexandri
769 1875 1041 1932 dextrum
1091 1875 1291 1930 femur
1315 1876 1351 1902 ¹⁰
1406 1877 1618 1931 leviter
1664 1893 1944 1931 mucrone
1991 1877 2385 1948 perstrictum

278 1981 339 2037 11
400 1967 513 2021 est.
553 1965 799 2037 Jamque
831 1964 932 2036 qui
958 1963 1202 2019 Darium
1230 1964 1526 2020 vehebant
1559 1965 1712 2037 equi,
1739 1966 2012 2021 confossi
2051 1965 2241 2021 hastis
2263 1965 2282 1987 *
2323 1969 2386 2022 et

399 2057 603 2111 dolore
647 2055 900 2121 efferati,
924 2054 1142 2126 ,iugum
1184 2058 1427 2125 quatere
1478 2057 1532 2109 et
1575 2070 1780 2125 regem
1819 2071 2000 2110 curru
2042 2059 2318 2110 excutere
2339 2057 2380 2083 ¹¹

398 2148 698 2216 coeperant
731 2158 744 2197 ε
792 2159 926 2197 cum
961 2144 1084 2209 ille,
1129 2144 1358 2198 veritus
1404 2158 1476 2199 ne
1533 2144 1709 2197 vivus
1739 2144 1970 2198 veniret
2009 2145 2073 2197 in
2113 2144 2384 2199 hostium

398 2237 769 2304 potestatem,
802 2232 1023 2300 desilit,
1056 2236 1111 2286 et
1143 2233 1205 2286 in
1244 2249 1481 2302 equum,
1523 2233 1624 2304 qui
1651 2232 1724 2286 ad
1762 2233 1874 2287 hoc
1914 2236 2110 2303 ipsum
2157 2249 2381 2304 seque-

397 2323 591 2390 batur,
637 2323 981 2391 imponitur,
1008 2321 1364 2392 ‚insignibus
1410 2336 1644 2390 quoque
1694 2322 1953 2393 imperii,
1997 2338 2071 2376 ne
2111 2320 2382 2392 fugam¹²

276 2429 341 2482 12
397 2410 733 2478 proderent,
758 2408 1047 2463 ‚indecore
1086 2407 1364 2478 abjectis,
1401 2408 1561 2462 Tum
1607 2423 1750 2462 vero
1795 2410 1977 2463 ceteri
2005 2408 2385 2481 dissipantur

396 2499 576 2563 metu,
609 2500 684 2565 et,
719 2513 833 2568 qua
862 2497 1071 2567 cuique
1101 2492 1171 2549 ad
1200 2494 1409 2567 fugam
1439 2495 1678 2566 patebat
1706 2498 1821 2566 via,
1856 2502 2176 2569 erumpunt
2211 2513 2385 2553 arma
2493 2486 2499 2565 1

445 2717 491 2764 5.
526 2716 743 2761 ozanam
788 2718 860 2763 fut
893 2718 989 2773 pris
1031 2717 1168 2772 apres
1197 2719 1241 2760 ia
1271 2722 1391 2762 mort
1417 2718 1475 2762 de
1497 2717 1671 2761 Darius
1713 2720 1805 2773 (VI,
1833 2733 1886 2775 u,
1916 2721 1999 2775 9);
2029 2721 2304 2769 alexandre
2334 2726 2382 2770 le

392 2779 531 2894 {reita
556 2789 672 2822 avec
696 2779 903 2824 honneur
931 2786 980 2825 et
1000 2790 1054 2825 se
1078 2781 1316 2826 l'attacha.
1344 2783 1465 2824 Nous
1495 2782 1540 2823 le
1569 2792 1739 2834 voyons
1768 2783 1889 2826 inter
1913 2784 2115 2827 custodes
2139 2789 2383 2841 corporis*

412 2844 501 2892 Vll,
526 2853 569 2889 v,
600 2841 690 2894 40).

443 2903 491 2946 6.
525 2903 575 2945 In
599 2903 771 2956 paucis,
788 2915 962 2947 comme
994 2904 1112 2948 inter
1132 2916 1320 2959 paucos:
1351 2905 1395 2948 in
1423 2917 1535 2948 avec
1565 2907 1608 2948 le
1629 2917 1742 2949 sens
1772 2907 1828 2950 dc
1860 2907 1995 2950 inter.

445 2967 491 3010 7.
524 2964 705 3010 Similis
728 2965 870 3011 ruine
897 2971 1089 3020 strapas.
1118 2972 1209 3011 {Les
1234 2968 1458 3011 cadavres
1483 2967 1709 3021 joncbent
1735 2969 1782 3013 la
1808 2974 1935 3013 terre
1964 2981 2142 3014 comme
2171 2983 2240 3017 un
2273 2987 2387 3022 mur

390 3027 545 3073 tombe
575 3038 635 3071 en
665 3029 844 3074 mines,
1661 3072 1672 3081 ,

441 3094 487 3138 8.
523 3090 727 3143 Desunt-n·
755 3094 893 3133 morte
922 3093 1039 3136 n'est
1069 3102 1156 3147 pas
1186 3091 1243 3136 de
1268 3091 1479 3147 l’epoque
1509 3093 1763 3147 classique.

438 3153 487 3197 9.
524 3152 762 3195 cumulata
801 3157 929 3197 eraut
978 3155 1124 3206 turba,
1148 3154 1195 3198 le
1222 3155 1367 3198 verbe
1397 3166 1454 3197 au
1478 3154 1645 3210 plut-iel
1673 3167 1786 3200 avec
1814 3157 1857 3200 le
1887 3156 2096 3201 collectis
2124 3159 2259 3203 turba
2274 3175 2294 3213 ‚·
2325 3163 2387 3207 de

387 3215 538 3260 meme
567 3225 683 3258 avec
707 3226 832 3269 pam,
853 3216 1191 3269 vismmltitudo.
1210 3217 1434 3261 Desectam
1454 3221 1646 3271 scaetem
1665 3230 1820 3272 maana
1839 3219 1908 3264 vis
1928 3219 2147 3263 liotninum
2170 3222 2393 3269 immissa

384 3278 539 3332 fudere
584 3277 629 3320 in
675 3277 883 3323 Tiberim.
912 3278 1013 3322 Une
1045 3280 1216 3333 grande
1246 3279 1496 3323 multitude
1526 3280 1588 3324 do
1625 3292 1743 3333 gens
1772 3281 1932 3325 laches
1965 3283 2062 3336 (sur
2091 3282 2137 3325 le
2186 3287 2388 3343 champ)
2491 3278 2494 3321 ⁴

354 3376 365 3387 .
385 3339 643 3394 couperent
668 3341 711 3381 la
738 3341 940 3383 moisson
960 3342 1070 3384 etia
1087 3341 1292 3395 jeterent
1320 3342 1438 3387 dans
1467 3343 1509 3384 le
1541 3342 1697 3386 Tibre.
2493 3338 2494 3343 ’

439 3407 515 3447 10:
548 3402 670 3445 Inter
695 3414 874 3458 quos...
894 3404 1046 3456 {emur
1068 3404 1361 3457 perstate-tum
1390 3408 1478 3456 est,
1501 3410 1582 3447 *est
1603 3404 1804 3453 bizarre.

438 3469 512 3509 li.
547 3465 783 3518 Excutere,
813 3465 1044 3508 entendez
1068 3475 1251 3517 essayer.
1277 3466 1328 3507 de
1350 3477 1597 3513 renverser.

442 3528 512 3570 ω.
547 3525 707 3577 Fufiam
723 3525 973 3579 proderent.
1004 3527 1062 3567 Le
1092 3525 1351 3568 substantii·
1385 3526 1578 3570 abstrait
1615 3539 1676 3571 au
1717 3528 1813 3573 lieu
1845 3529 1908 3575 du
1938 3531 2165 3587 participe
2194 3535 2390 3590 sumen..

387 3590 493 3633 tem.
519 3585 591 3631 Cf.
629 3589 699 3638 111,
731 3598 792 3641 iv,
822 3590 929 3629 note
957 3586 1026 3628 13.
