2517 3975
418 236 523 291 306
1176 253 1230 297 Q.
1274 253 1446 293 enarr
1485 253 1622 291 num

292 359 364 414 15
420 360 649 428 armati,
683 360 1127 416 interemerunt.
1168 359 1355 415 Abire
1385 375 1516 415 cum
1552 360 1745 432 gloria
1784 362 2057 431 poterant
2076 362 2137 428 ⁴⁸,
2165 362 2220 415 si
2249 377 2355 415 um-

418 461 596 520 quam
621 449 924 504 temeritas
953 447 1096 504 felix
1124 448 1432 503 inveniret·
1461 448 1733 503 modum:
1773 449 1899 517 sed,
1931 449 2070 503 dum
2098 464 2354 519 superve-

418 538 650 593 nientes
677 539 1058 608 contemptim
1090 541 1148 592 et
1179 538 1435 607 superbe
1478 553 1710 609 quoque
1753 540 2115 608 exspectant,
2143 540 2355 594 circum-

415 627 575 682 venti
619 626 694 680 ab
741 625 836 694 iis,
882 628 984 697 qui
1032 626 1249 681 occulti
1295 629 1637 695 sueverant,
1680 627 1912 682 eminus
1973 627 2172 682 obruti
2210 619 2382 681 telis*'

293 715 362 772 16
417 717 576 770 sunt.
614 713 728 781 Qui
755 712 1091 785 effugerant
1117 715 1372 783 hostem,
1403 717 1504 770 aut
1531 714 1755 784 impetu
1798 715 1994 768 amnis
2032 714 2210 769 ablati
2240 716 2352 767 sunt

417 807 521 860 aut
545 805 867 860 verticibus
896 803 1189 875 impliciti.
1215 803 1420 873 anue
1448 819 1651 875 pugna
1671 804 1921 859 multum
1947 803 2089 858 Pori
2116 803 2349 858 fiduciam

419 894 626 960 erexit,
660 896 868 948 cuncta
895 894 1198 947 cernentis
1229 908 1263 946 e
1292 893 1441 962 ripa.

295 983 363 1037 17
474 984 847 1054 Alexander,
886 983 1064 1053 inops
1111 982 1375 1057 consilii,
1407 983 1645 1037 tandem
1695 984 1769 1039 ad
1806 983 2131 1040 fallendum
2158 984 2352 1039 hostem

417 1075 593 1134 talem
619 1072 820 1128 dolum
849 1073 1121 1128 intendit.
1145 1070 1288 1127 Erat
1317 1072 1518 1127 insula
1539 1073 1599 1127 in
1619 1073 1861 1127 flumine
1879 1073 2133 1143 amplior
2149 1074 2352 1142 ceteris,

419 1162 717 1218 silvestris
761 1161 967 1216 eadem
1008 1164 1068 1216 et
1114 1161 1386 1230 tegendis
1433 1162 1672 1216 insidiis
1717 1165 1877 1232 apta.
1923 1160 2115 1216 Fossa
2160 1175 2355 1232 quoque

416 1250 656 1321 praealta
677 1249 833 1304 haud
861 1249 1069 1320 procul
1112 1250 1267 1321 ripa,
1305 1263 1487 1321 quam
1532 1251 1767 1306 tenebat
1810 1252 1964 1321 ipse,
1993 1267 2114 1305 non
2159 1252 2357 1322 pedites

293 1336 362 1391 18
417 1339 615 1406 modo,
646 1338 754 1398 sed
783 1339 962 1394 etiam
988 1354 1124 1394 cum
1154 1339 1326 1411 equis
1357 1339 1520 1395 vires
1564 1343 1795 1411 poterat
1835 1340 2224 1397 abscondere.
2257 1341 2356 1411 Igi⁶

414 1429 532 1494 tur,
577 1430 641 1482 ut
690 1444 724 1484 a
773 1425 1041 1480 custodia
1088 1427 1272 1498 hujus
1322 1428 1777 1498 opportunitatis
1795 1428 1835 1457 ¹³
1879 1429 2084 1483 oculos
2128 1429 2358 1484 hostium

417 1517 734 1581 averteret,
776 1515 1158 1572 Ptolemaeum
1200 1517 1480 1572 omnibus
1527 1517 1782 1572 turmis*
1825 1518 2165 1590 obequitare
2201 1518 2358 1590 jussit

414 1606 627 1677 procul
645 1604 686 1636 ¹⁴
728 1603 945 1675 insula,
991 1608 1048 1660 et
1093 1605 1349 1660 subinde
1396 1606 1576 1661 Indos
1621 1606 1880 1661 clamore
1924 1611 2170 1676 terrere,
2213 1606 2358 1678 quasi

292 1690 361 1746 19
415 1695 637 1752 flumen
662 1696 1084 1749 transnaturus
1113 1692 1289 1750 feret⁴
1324 1693 1442 1749 Per
1478 1695 1816 1765 complures
1865 1694 1993 1750 dies
2038 1695 2357 1751 Ptolemaeus

415 1783 476 1840 id
504 1781 671 1849 fecit;
695 1795 888 1852 eoque
906 1781 1160 1836 oonsilio
1174 1782 1404 1837 Porum
1430 1798 1663 1854 quoque
1693 1795 1909 1853 agmen
1936 1799 2114 1838 suum
2134 1786 2189 1839 ei
2211 1781 2354 1855 parti,

416 1886 593 1943 quam
622 1885 687 1926 se
712 1872 912 1939 petere
939 1870 1277 1936 simulabat,
1308 1870 1504 1942 coegit
1534 1871 1862 1928 advertere.

289 1957 362 2014 20
484 1960 618 2017 «Iam
664 1962 831 2017 extra
869 1962 1254 2029 conspectum
1293 1959 1488 2016 hostis
1534 1958 1729 2016 insula
1762 1964 1907 2017 erat.
1952 1961 2278 2025 Alexander
2304 1959 2352 2013 ln

412 2049 654 2107 diversa
680 2051 848 2119 parte
876 2048 1025 2118 ripoe
1055 2049 1236 2103 statui
1274 2064 1447 2104 suum
1476 2048 1922 2104 tabernaculum
1944 2050 2147 2123 Jussit,
2177 2062 2352 2113 assue-

413 2143 651 2210 tamque
697 2137 966 2193 comitari
1013 2137 1213 2207 ipsum
1257 2137 1560 2194 cohortem
1593 2138 1614 2163 *
1655 2141 1789 2193 ante
1835 2139 1899 2193 id
1944 2137 2353 2195 tabernaculum

416 2231 599 2296 stare,
634 2230 691 2283 et
729 2242 963 2283 omnem
1003 2228 1348 2298 apparatum
1396 2227 1585 2298 regiae
1633 2227 2084 2300 magnificentiae
2128 2227 2354 2283 bestium

174 2302 179 2307 ’
288 2312 353 2367 21
415 2316 602 2375 oculis
638 2317 712 2372 de
738 2314 1034 2374 industria
1063 2315 1319 2371 ostendi.
1350 2316 1609 2370 Attalum
1637 2315 1829 2383 etiam,
1862 2318 2145 2388 aequalem
2181 2313 2357 2372 sibiet

414 2405 571 2465 haud
599 2405 899 2474 disparem
937 2404 1141 2461 habitu
1181 2405 1307 2458 oris
1346 2406 1403 2458 et
1440 2405 1732 2474 corporis,
1763 2405 1967 2476 utique
2005 2422 2140 2460 cum
2175 2397 2357 2475 procul

302 2564 309 2573 ι
412 2496 731 2562 viseretur,
765 2497 931 2551 veste
970 2493 1135 2565 regia
1171 2496 1435 2562 exornat,
1468 2492 1855 2562 praebiturum
1904 2496 2163 2565 speciem
2189 2495 2358 2562 ipsum

289 2581 359 2635 22
412 2600 620 2656 regem
647 2583 738 2637 illi
773 2582 923 2652 ripae
958 2581 1297 2653 praesidere,
1331 2597 1441 2636 nec
1484 2582 1754 2652 cogitare
1779 2582 1852 2637 de
1880 2584 2160 2641 transitu.
2188 2580 2356 2652 Hujus

414 2673 652 2731 consilii
682 2669 954 2735 effectum
981 2670 1174 2741 primo
1204 2672 1430 2725 morata
1460 2672 1783 2739 tempestas
1823 2674 1933 2739 est,
1970 2688 2110 2737 mox
2136 2667 2356 2743 adjuvit,

413 2760 788 2819 incommoda
844 2774 1079 2837 queque
1134 2759 1209 2815 ad
1263 2759 1460 2817 bonos
1507 2760 1758 2815 eventus
1803 2763 2075 2817 vertente
2119 2760 2355 2817 fortunat

289 2847 359 2902 23
414 2851 709 2921 Traiicere
740 2864 974 2907 amnem
1002 2864 1134 2907 eum
1164 2848 1383 2903 ceteris
1411 2848 1606 2917 copiis
1632 2850 1695 2904 in
1722 2849 2030 2920 regionem
2058 2849 2282 2914 insulse,
2301 2844 2360 2899 do

414 2956 530 3013 qua
570 2941 704 2997 ante
734 2939 952 2995 dictum
984 2940 1094 3005 est,
1126 2937 1393 3008 parabat,
1426 2953 1641 2995 averso
1671 2936 1844 2992 hoste
1873 2939 1934 2992 in
1966 2952 2089 3005 eos,
2123 2938 2222 3009 qui
2246 2946 2359 2991 cum

413 3024 734 3083 Ptolemaeo
773 3027 1115 3082 inferiorem
1155 3026 1514 3081 obsederant
1551 3028 1765 3096 ripam,
1798 3042 1931 3081 cum
1969 3027 2224 3097 procella
2257 3024 2356 3077 im-

413 3118 583 3173 brem
610 3118 714 3170 vix
745 3116 858 3171 sub
885 3118 1058 3171 tectis
1087 3115 1460 3171 tolerabilem
1490 3114 1748 3171 effundit
1776 3130 1789 3170 :
1823 3115 2134 3189 obrutique
2161 3112 2352 3168 milites

415 3205 613 3260 nimbo
655 3206 715 3258 in
745 3207 961 3259 terram
991 3204 1363 3276 refugerunt,
1396 3204 1657 3275 navigiis
1692 3203 2035 3276 ratibusque
2054 3206 2075 3227 *
2102 3198 2348 3259 desertis,

469 3445 541 3487 12.
574 3443 802 3485 Poterant.
829 3443 899 3486 Cf.
933 3455 1014 3486 sur
1042 3450 1117 3488 cet
1139 3446 1392 3503 imparfait,
1417 3450 1574 3502 111‚1v,
1605 3454 1718 3493 note
1744 3419 1813 3494 6.·
1859 3486 1866 3493 .

470 3506 540 3546 13.
579 3500 930 3554 opportunitatis
953 3500 1129 3547 comme
1160 3507 1251 3551 loci
1280 3510 1553 3564 opportuni..

472 3566 543 3606 u.
576 3560 755 3607 Procul.
791 3561 865 3605 Ct'.
898 3566 950 3616 V,
980 3576 1067 3618 xu,
1093 3572 1201 3610 note
1232 3569 1304 3615 19.
