<?xml version="1.0" encoding="UTF-8"?>
<!DOCTYPE html PUBLIC "-//W3C//DTD XHTML 1.0 Transitional//EN"
    "http://www.w3.org/TR/xhtml1/DTD/xhtml1-transitional.dtd">
<html xmlns="http://www.w3.org/1999/xhtml" xml:lang="en" lang="en">
 <head>
  <title>
</title>
<meta http-equiv="Content-Type" content="text/html;charset=utf-8" />
  <meta name='ocr-system' content='tesseract 3.04.00' />
  <meta name='ocr-capabilities' content='ocr_page ocr_carea ocr_par ocr_line ocrx_word'/>
</head>
<body>
  <div class='ocr_page' id='page_1' title='image "./qcurtirufihisto00brelgoog_0298.png"; bbox 0 0 2517 3975; ppageno 0'>
   <div class='ocr_carea' id='block_1_1' title="bbox 423 213 1616 292">
    <p class='ocr_par' dir='ltr' id='par_1_1' title="bbox 423 213 1616 292">
     <span class='ocr_line' id='line_1_1' title="bbox 423 213 1616 292; baseline 0.003 -9"><span class='ocrx_word' id='word_1_1' title='bbox 423 213 527 283; x_wconf 66' lang='lat'><strong>§58</strong></span> <span class='ocrx_word' id='word_1_2' title='bbox 1176 246 1229 292; x_wconf 86' lang='lat' dir='ltr'><strong>Q.</strong></span> <span class='ocrx_word' id='word_1_3' title='bbox 1271 232 1443 285; x_wconf 77' lang='lat' dir='ltr'><strong>cuim</strong></span> <span class='ocrx_word' id='word_1_4' title='bbox 1480 247 1616 286; x_wconf 76' lang='lat' dir='ltr'><strong>mm</strong></span> 
     </span>
    </p>
   </div>
   <div class='ocr_carea' id='block_1_2' title="bbox 284 335 2358 2750">
    <p class='ocr_par' dir='ltr' id='par_1_2' title="bbox 298 335 2336 603">
     <span class='ocr_line' id='line_1_2' title="bbox 298 335 2333 420; baseline -0.001 -13"><span class='ocrx_word' id='word_1_5' title='bbox 298 353 368 409; x_wconf 82' lang='lat'><strong>17</strong></span> <span class='ocrx_word' id='word_1_6' title='bbox 492 335 608 407; x_wconf 64' lang='lat' dir='ltr'><strong>Per</strong></span> <span class='ocrx_word' id='word_1_7' title='bbox 633 349 744 407; x_wconf 62' lang='lat' dir='ltr'><strong>has</strong></span> <span class='ocrx_word' id='word_1_8' title='bbox 770 349 964 408; x_wconf 80' lang='lat' dir='ltr'><strong>tamen</strong></span> <span class='ocrx_word' id='word_1_9' title='bbox 993 352 1370 410; x_wconf 76' lang='lat' dir='ltr'><strong>difficultates</strong></span> <span class='ocrx_word' id='word_1_10' title='bbox 1400 356 1700 410; x_wconf 90' lang='lat' dir='ltr'><strong>enituntur</strong></span> <span class='ocrx_word' id='word_1_11' title='bbox 1727 356 1790 409; x_wconf 90' lang='lat' dir='ltr'><strong>in</strong></span> <span class='ocrx_word' id='word_1_12' title='bbox 1817 354 2098 411; x_wconf 83' lang='lat' dir='ltr'><strong>verticem</strong></span> <span class='ocrx_word' id='word_1_13' title='bbox 2129 351 2333 420; x_wconf 88' lang='lat' dir='ltr'><strong>montis,</strong></span> 
     </span>
     <span class='ocr_line' id='line_1_3' title="bbox 421 437 2335 513; baseline -0.001 -16"><span class='ocrx_word' id='word_1_14' title='bbox 421 457 627 497; x_wconf 88' lang='lat' dir='ltr'><strong>omnes</strong></span> <span class='ocrx_word' id='word_1_15' title='bbox 656 437 1003 513; x_wconf 80' lang='lat' dir='ltr'><strong>fatigatione</strong></span> <span class='ocrx_word' id='word_1_16' title='bbox 1033 443 1357 498; x_wconf 87' lang='lat' dir='ltr'><strong>continuati</strong></span> <span class='ocrx_word' id='word_1_17' title='bbox 1385 444 1608 498; x_wconf 87' lang='lat' dir='ltr'><strong>laboris</strong></span> <span class='ocrx_word' id='word_1_18' title='bbox 1626 444 1667 471; x_wconf 79' lang='lat'><strong>¹⁸</strong></span> <span class='ocrx_word' id='word_1_19' title='bbox 1697 443 1909 511; x_wconf 86' lang='lat' dir='ltr'><strong>affecti,</strong></span> <span class='ocrx_word' id='word_1_20' title='bbox 1951 443 2180 513; x_wconf 90' lang='lat' dir='ltr'><strong>quidam</strong></span> <span class='ocrx_word' id='word_1_21' title='bbox 2208 440 2335 495; x_wconf 88' lang='lat' dir='ltr'><strong>mul·</strong></span> 
     </span>
     <span class='ocr_line' id='line_1_4' title="bbox 419 530 2336 603; baseline -0.002 -17"><span class='ocrx_word' id='word_1_22' title='bbox 419 530 532 586; x_wconf 80' lang='lat' dir='ltr'><strong>cati</strong></span> <span class='ocrx_word' id='word_1_23' title='bbox 576 532 740 599; x_wconf 89' lang='lat' dir='ltr'><strong>parte</strong></span> <span class='ocrx_word' id='word_1_24' title='bbox 787 531 1219 602; x_wconf 81' lang='lat' dir='ltr'><strong>membrorum3</strong></span> <span class='ocrx_word' id='word_1_25' title='bbox 1253 534 1588 603; x_wconf 87' lang='lat' dir='ltr'><strong>pariterque</strong></span> <span class='ocrx_word' id='word_1_26' title='bbox 1634 548 1742 587; x_wconf 91' lang='lat' dir='ltr'><strong>eos</strong></span> <span class='ocrx_word' id='word_1_27' title='bbox 1781 536 1836 587; x_wconf 90' lang='lat' dir='ltr'><strong>et</strong></span> <span class='ocrx_word' id='word_1_28' title='bbox 1874 549 1995 586; x_wconf 89' lang='lat' dir='ltr'><strong>nox</strong></span> <span class='ocrx_word' id='word_1_29' title='bbox 2033 534 2089 586; x_wconf 88' lang='lat' dir='ltr'><strong>et</strong></span> <span class='ocrx_word' id='word_1_30' title='bbox 2123 545 2336 586; x_wconf 87' lang='lat' dir='ltr'>somnus</span> 
     </span>
    </p>

    <p class='ocr_par' dir='ltr' id='par_1_3' title="bbox 297 618 2340 1044">
     <span class='ocr_line' id='line_1_5' title="bbox 297 618 2337 692; baseline -0.002 -16"><span class='ocrx_word' id='word_1_31' title='bbox 297 620 366 676; x_wconf 82' lang='lat'><strong>18</strong></span> <span class='ocrx_word' id='word_1_32' title='bbox 417 619 737 692; x_wconf 76' lang='lat' dir='ltr'><strong>oppressit.</strong></span> <span class='ocrx_word' id='word_1_33' title='bbox 786 618 1002 674; x_wconf 85' lang='lat' dir='ltr'><strong>Stratis</strong></span> <span class='ocrx_word' id='word_1_34' title='bbox 1040 622 1266 692; x_wconf 86' lang='lat' dir='ltr'><strong>passim</strong></span> <span class='ocrx_word' id='word_1_35' title='bbox 1312 623 1667 692; x_wconf 80' lang='lat' dir='ltr'><strong>corporibus</strong></span> <span class='ocrx_word' id='word_1_36' title='bbox 1714 622 1775 675; x_wconf 90' lang='lat' dir='ltr'><strong>in</strong></span> <span class='ocrx_word' id='word_1_37' title='bbox 1822 622 2004 675; x_wconf 86' lang='lat' dir='ltr'><strong>inviis</strong></span> <span class='ocrx_word' id='word_1_38' title='bbox 2048 622 2103 675; x_wconf 91' lang='lat' dir='ltr'><strong>et</strong></span> <span class='ocrx_word' id='word_1_39' title='bbox 2146 619 2337 690; x_wconf 84' lang='lat' dir='ltr'><strong>asperis</strong></span> 
     </span>
     <span class='ocr_line' id='line_1_6' title="bbox 417 709 2335 782; baseline -0.002 -17"><span class='ocrx_word' id='word_1_40' title='bbox 417 723 696 765; x_wconf 81' lang='lat' dir='ltr'><strong>saxorum</strong></span> <span class='ocrx_word' id='word_1_41' title='bbox 715 709 774 778; x_wconf 80' lang='lat'><strong>¹⁸,</strong></span> <span class='ocrx_word' id='word_1_42' title='bbox 804 710 1055 781; x_wconf 88' lang='lat' dir='ltr'><strong>periculi</strong></span> <span class='ocrx_word' id='word_1_43' title='bbox 1094 711 1375 766; x_wconf 88' lang='lat' dir='ltr'><strong>instantis</strong></span> <span class='ocrx_word' id='word_1_44' title='bbox 1419 711 1605 779; x_wconf 89' lang='lat' dir='ltr'><strong>obliti,</strong></span> <span class='ocrx_word' id='word_1_45' title='bbox 1648 712 1709 764; x_wconf 92' lang='lat' dir='ltr'><strong>in</strong></span> <span class='ocrx_word' id='word_1_46' title='bbox 1750 712 1941 765; x_wconf 90' lang='lat' dir='ltr'><strong>lucem</strong></span> <span class='ocrx_word' id='word_1_47' title='bbox 1974 711 2335 782; x_wconf 84' lang='lat' dir='ltr'><strong>quieverunt:</strong></span> 
     </span>
     <span class='ocr_line' id='line_1_7' title="bbox 414 796 2336 869; baseline -0.001 -17"><span class='ocrx_word' id='word_1_48' title='bbox 414 796 780 869; x_wconf 79' lang='lat' dir='ltr'><strong>tandemque,</strong></span> <span class='ocrx_word' id='word_1_49' title='bbox 810 797 973 853; x_wconf 80' lang='lat' dir='ltr'><strong>velut</strong></span> <span class='ocrx_word' id='word_1_50' title='bbox 1002 814 1076 853; x_wconf 88' lang='lat' dir='ltr'><strong>ex</strong></span> <span class='ocrx_word' id='word_1_51' title='bbox 1123 799 1240 854; x_wconf 86' lang='lat' dir='ltr'><strong>alto</strong></span> <span class='ocrx_word' id='word_1_52' title='bbox 1289 814 1503 869; x_wconf 88' lang='lat' dir='ltr'><strong>sopore</strong></span> <span class='ocrx_word' id='word_1_53' title='bbox 1542 799 1798 868; x_wconf 86' lang='lat' dir='ltr'><strong>excitati,</strong></span> <span class='ocrx_word' id='word_1_54' title='bbox 1832 798 2092 853; x_wconf 88' lang='lat' dir='ltr'><strong>occultas</strong></span> <span class='ocrx_word' id='word_1_55' title='bbox 2128 797 2336 867; x_wconf 84' lang='lat' dir='ltr'><strong>subjec-</strong></span> 
     </span>
     <span class='ocr_line' id='line_1_8' title="bbox 413 885 2340 959; baseline -0.002 -19"><span class='ocrx_word' id='word_1_56' title='bbox 413 887 617 957; x_wconf 88' lang='lat' dir='ltr'><strong>tasque</strong></span> <span class='ocrx_word' id='word_1_57' title='bbox 641 888 793 957; x_wconf 84' lang='lat' dir='ltr'><strong>ipsis</strong></span> <span class='ocrx_word' id='word_1_58' title='bbox 823 885 1008 940; x_wconf 84' lang='lat' dir='ltr'><strong>valles</strong></span> <span class='ocrx_word' id='word_1_59' title='bbox 1037 887 1342 955; x_wconf 77' lang='lat' dir='ltr'><strong>rimanteS,</strong></span> <span class='ocrx_word' id='word_1_60' title='bbox 1368 886 1563 959; x_wconf 81' lang='lat' dir='ltr'><strong>ignari</strong></span> <span class='ocrx_word' id='word_1_61' title='bbox 1591 888 1654 941; x_wconf 90' lang='lat' dir='ltr'><strong>in</strong></span> <span class='ocrx_word' id='word_1_62' title='bbox 1680 902 1792 959; x_wconf 87' lang='lat' dir='ltr'><strong>qua</strong></span> <span class='ocrx_word' id='word_1_63' title='bbox 1821 888 1987 956; x_wconf 88' lang='lat' dir='ltr'><strong>parte</strong></span> <span class='ocrx_word' id='word_1_64' title='bbox 2016 889 2196 955; x_wconf 82' lang='lat' dir='ltr'><strong>petrae</strong></span> <span class='ocrx_word' id='word_1_65' title='bbox 2214 886 2340 937; x_wconf 84' lang='lat' dir='ltr'><strong>tanta</strong></span> 
     </span>
     <span class='ocr_line' id='line_1_9' title="bbox 416 972 2339 1044; baseline -0.002 -16"><span class='ocrx_word' id='word_1_66' title='bbox 416 973 573 1028; x_wconf 76' lang='lat' dir='ltr'><strong>vis¹²</strong></span> <span class='ocrx_word' id='word_1_67' title='bbox 602 973 861 1029; x_wconf 85' lang='lat' dir='ltr'><strong>hostium</strong></span> <span class='ocrx_word' id='word_1_68' title='bbox 907 973 1145 1028; x_wconf 88' lang='lat' dir='ltr'><strong>condita</strong></span> <span class='ocrx_word' id='word_1_69' title='bbox 1186 977 1366 1043; x_wconf 84' lang='lat' dir='ltr'><strong>esset,</strong></span> <span class='ocrx_word' id='word_1_70' title='bbox 1400 973 1624 1028; x_wconf 86' lang='lat' dir='ltr'><strong>fumum</strong></span> <span class='ocrx_word' id='word_1_71' title='bbox 1663 990 1844 1044; x_wconf 90' lang='lat' dir='ltr'><strong>specu</strong></span> <span class='ocrx_word' id='word_1_72' title='bbox 1890 972 2048 1027; x_wconf 82' lang='lat' dir='ltr'><strong>infra</strong></span> <span class='ocrx_word' id='word_1_73' title='bbox 2096 988 2161 1044; x_wconf 87' lang='lat' dir='ltr'><strong>se</strong></span> <span class='ocrx_word' id='word_1_74' title='bbox 2204 974 2339 1043; x_wconf 86' lang='lat' dir='ltr'><strong>ipsos</strong></span> 
     </span>
    </p>

    <p class='ocr_par' dir='ltr' id='par_1_4' title="bbox 293 1061 2343 1401">
     <span class='ocr_line' id='line_1_10' title="bbox 293 1061 2341 1133; baseline -0.004 -11"><span class='ocrx_word' id='word_1_75' title='bbox 293 1064 362 1122; x_wconf 83' lang='lat'><strong>19</strong></span> <span class='ocrx_word' id='word_1_76' title='bbox 416 1062 713 1118; x_wconf 87' lang='lat' dir='ltr'><strong>evolutum</strong></span> <span class='ocrx_word' id='word_1_77' title='bbox 768 1065 1145 1121; x_wconf 86' lang='lat' dir='ltr'><strong>notaverunt.</strong></span> <span class='ocrx_word' id='word_1_78' title='bbox 1193 1061 1283 1117; x_wconf 85' lang='lat' dir='ltr'><strong>Ex</strong></span> <span class='ocrx_word' id='word_1_79' title='bbox 1328 1078 1443 1133; x_wconf 94' lang='lat' dir='ltr'><strong>quo</strong></span> <span class='ocrx_word' id='word_1_80' title='bbox 1502 1064 1860 1118; x_wconf 86' lang='lat' dir='ltr'><strong>intellectum</strong></span> <span class='ocrx_word' id='word_1_81' title='bbox 1905 1062 2064 1116; x_wconf 88' lang='lat' dir='ltr'><strong>illam</strong></span> <span class='ocrx_word' id='word_1_82' title='bbox 2115 1062 2341 1117; x_wconf 89' lang='lat' dir='ltr'><strong>hostium</strong></span> 
     </span>
     <span class='ocr_line' id='line_1_11' title="bbox 414 1151 2340 1224; baseline -0.002 -17"><span class='ocrx_word' id='word_1_83' title='bbox 414 1151 701 1208; x_wconf 85' lang='lat' dir='ltr'><strong>latebram</strong></span> <span class='ocrx_word' id='word_1_84' title='bbox 730 1167 883 1207; x_wconf 88' lang='lat' dir='ltr'><strong>esse.</strong></span> <span class='ocrx_word' id='word_1_85' title='bbox 914 1151 1113 1224; x_wconf 87' lang='lat' dir='ltr'><strong>Itaque</strong></span> <span class='ocrx_word' id='word_1_86' title='bbox 1149 1153 1340 1207; x_wconf 87' lang='lat' dir='ltr'><strong>hastis</strong></span> <span class='ocrx_word' id='word_1_87' title='bbox 1361 1151 1383 1174; x_wconf 91' lang='lat'><strong>*</strong></span> <span class='ocrx_word' id='word_1_88' title='bbox 1410 1151 1769 1222; x_wconf 88' lang='lat' dir='ltr'><strong>imposuere,</strong></span> <span class='ocrx_word' id='word_1_89' title='bbox 1800 1152 1956 1223; x_wconf 93' lang='lat' dir='ltr'><strong>quod</strong></span> <span class='ocrx_word' id='word_1_90' title='bbox 1993 1151 2340 1217; x_wconf 86' lang='lat' dir='ltr'><strong>convenerat,</strong></span> 
     </span>
     <span class='ocr_line' id='line_1_12' title="bbox 414 1238 2343 1315; baseline -0.002 -21"><span class='ocrx_word' id='word_1_91' title='bbox 414 1240 679 1312; x_wconf 83' lang='lat' dir='ltr'><strong>signum.</strong></span> <span class='ocrx_word' id='word_1_92' title='bbox 709 1239 973 1311; x_wconf 90' lang='lat' dir='ltr'><strong>Totoque</strong></span> <span class='ocrx_word' id='word_1_93' title='bbox 1012 1254 1045 1295; x_wconf 90' lang='lat' dir='ltr'><strong>e</strong></span> <span class='ocrx_word' id='word_1_94' title='bbox 1082 1255 1410 1295; x_wconf 82' lang='lat' dir='ltr'><strong>numeron</strong></span> <span class='ocrx_word' id='word_1_95' title='bbox 1449 1242 1507 1294; x_wconf 87' lang='lat' dir='ltr'><strong>et</strong></span> <span class='ocrx_word' id='word_1_96' title='bbox 1544 1257 1667 1294; x_wconf 92' lang='lat' dir='ltr'><strong>xxx</strong></span> <span class='ocrx_word' id='word_1_97' title='bbox 1704 1240 1766 1294; x_wconf 91' lang='lat' dir='ltr'><strong>in</strong></span> <span class='ocrx_word' id='word_1_98' title='bbox 1804 1255 2058 1294; x_wconf 89' lang='lat' dir='ltr'><strong>ascensu</strong></span> <span class='ocrx_word' id='word_1_99' title='bbox 2095 1238 2343 1315; x_wconf 85' lang='lat' dir='ltr'><strong>interisse</strong></span> 
     </span>
     <span class='ocr_line' id='line_1_13' title="bbox 416 1331 765 1401; baseline 0 -16"><span class='ocrx_word' id='word_1_100' title='bbox 416 1331 765 1401; x_wconf 79' lang='lat' dir='ltr'><strong>agnoscunt.</strong></span> 
     </span>
    </p>

    <p class='ocr_par' dir='ltr' id='par_1_5' title="bbox 289 1412 2354 1754">
     <span class='ocr_line' id='line_1_14' title="bbox 289 1412 2344 1490; baseline -0.002 -15"><span class='ocrx_word' id='word_1_101' title='bbox 289 1413 362 1475; x_wconf 70' lang='grc' dir='ltr'><strong>ΞΟ</strong></span> <span class='ocrx_word' id='word_1_102' title='bbox 483 1419 633 1485; x_wconf 87' lang='lat' dir='ltr'><strong>Rex,</strong></span> <span class='ocrx_word' id='word_1_103' title='bbox 657 1434 779 1473; x_wconf 91' lang='lat' dir='ltr'><strong>non</strong></span> <span class='ocrx_word' id='word_1_104' title='bbox 809 1415 1086 1488; x_wconf 88' lang='lat' dir='ltr'><strong>cupidine</strong></span> <span class='ocrx_word' id='word_1_105' title='bbox 1113 1419 1310 1490; x_wconf 85' lang='lat' dir='ltr'><strong>magis</strong></span> <span class='ocrx_word' id='word_1_106' title='bbox 1340 1418 1611 1488; x_wconf 89' lang='lat' dir='ltr'><strong>potiundi</strong></span> <span class='ocrx_word' id='word_1_107' title='bbox 1642 1417 1775 1485; x_wconf 89' lang='lat' dir='ltr'><strong>loci,</strong></span> <span class='ocrx_word' id='word_1_108' title='bbox 1800 1412 1968 1488; x_wconf 85' lang='lat' dir='ltr'><strong>quarn</strong></span> <span class='ocrx_word' id='word_1_109' title='bbox 1987 1417 2119 1473; x_wconf 85' lang='lat' dir='ltr'><strong>vice</strong></span> <span class='ocrx_word' id='word_1_110' title='bbox 2140 1431 2344 1478; x_wconf 89' lang='lat' dir='ltr'><strong>eorum,</strong></span> 
     </span>
     <span class='ocr_line' id='line_1_15' title="bbox 413 1506 2346 1578; baseline -0.002 -16"><span class='ocrx_word' id='word_1_111' title='bbox 413 1522 561 1578; x_wconf 91' lang='lat' dir='ltr'><strong>quos</strong></span> <span class='ocrx_word' id='word_1_112' title='bbox 587 1506 659 1561; x_wconf 93' lang='lat' dir='ltr'><strong>ad</strong></span> <span class='ocrx_word' id='word_1_113' title='bbox 678 1510 795 1561; x_wconf 89' lang='lat' dir='ltr'><strong>tam</strong></span> <span class='ocrx_word' id='word_1_114' title='bbox 824 1506 1205 1562; x_wconf 86' lang='lat' dir='ltr'><strong>manifestum</strong></span> <span class='ocrx_word' id='word_1_115' title='bbox 1242 1507 1573 1576; x_wconf 87' lang='lat' dir='ltr'><strong>periculum</strong></span> <span class='ocrx_word' id='word_1_116' title='bbox 1600 1508 1863 1574; x_wconf 84' lang='lat' dir='ltr'><strong>miserat,</strong></span> <span class='ocrx_word' id='word_1_117' title='bbox 1896 1507 2211 1574; x_wconf 83' lang='lat' dir='ltr'><strong>sollicituS,</strong></span> <span class='ocrx_word' id='word_1_118' title='bbox 2244 1507 2346 1558; x_wconf 89' lang='lat' dir='ltr'><strong>toto</strong></span> 
     </span>
     <span class='ocr_line' id='line_1_16' title="bbox 414 1595 2350 1663; baseline -0.003 -12"><span class='ocrx_word' id='word_1_119' title='bbox 414 1595 507 1651; x_wconf 90' lang='lat' dir='ltr'><strong>die</strong></span> <span class='ocrx_word' id='word_1_120' title='bbox 552 1597 853 1652; x_wconf 87' lang='lat' dir='ltr'><strong>cacumina</strong></span> <span class='ocrx_word' id='word_1_121' title='bbox 901 1595 1120 1651; x_wconf 90' lang='lat' dir='ltr'><strong>montis</strong></span> <span class='ocrx_word' id='word_1_122' title='bbox 1158 1596 1399 1650; x_wconf 91' lang='lat' dir='ltr'><strong>intuens</strong></span> <span class='ocrx_word' id='word_1_123' title='bbox 1444 1596 1676 1651; x_wconf 83' lang='lat' dir='ltr'><strong>restitit.</strong></span> <span class='ocrx_word' id='word_1_124' title='bbox 1719 1595 1909 1650; x_wconf 88' lang='lat' dir='ltr'><strong>Noctu</strong></span> <span class='ocrx_word' id='word_1_125' title='bbox 1955 1596 2206 1663; x_wconf 84' lang='lat' dir='ltr'><strong>demum,</strong></span> <span class='ocrx_word' id='word_1_126' title='bbox 2236 1608 2350 1648; x_wconf 90' lang='lat' dir='ltr'><strong>cum</strong></span> 
     </span>
     <span class='ocr_line' id='line_1_17' title="bbox 413 1684 2354 1754; baseline -0.002 -14"><span class='ocrx_word' id='word_1_127' title='bbox 413 1684 750 1740; x_wconf 80' lang='lat' dir='ltr'><strong>obscuritas</strong></span> <span class='ocrx_word' id='word_1_128' title='bbox 808 1688 1188 1754; x_wconf 88' lang='lat' dir='ltr'><strong>conspectum</strong></span> <span class='ocrx_word' id='word_1_129' title='bbox 1249 1685 1555 1739; x_wconf 90' lang='lat' dir='ltr'><strong>oculorum</strong></span> <span class='ocrx_word' id='word_1_130' title='bbox 1601 1684 2001 1752; x_wconf 82' lang='lat' dir='ltr'><strong>ademisset&#39;¹⁸,</strong></span> <span class='ocrx_word' id='word_1_131' title='bbox 2047 1685 2119 1739; x_wconf 87' lang='lat' dir='ltr'><strong>ad</strong></span> <span class='ocrx_word' id='word_1_132' title='bbox 2165 1699 2354 1739; x_wconf 86' lang='lat' dir='ltr'><strong>curan-</strong></span> 
     </span>
    </p>

    <p class='ocr_par' dir='ltr' id='par_1_6' title="bbox 287 1771 2353 2023">
     <span class='ocr_line' id='line_1_18' title="bbox 287 1771 2352 1843; baseline -0.003 -12"><span class='ocrx_word' id='word_1_133' title='bbox 287 1776 354 1831; x_wconf 74' lang='lat'><strong>21</strong></span> <span class='ocrx_word' id='word_1_134' title='bbox 411 1774 552 1830; x_wconf 90' lang='lat' dir='ltr'><strong>dum</strong></span> <span class='ocrx_word' id='word_1_135' title='bbox 580 1788 800 1843; x_wconf 88' lang='lat' dir='ltr'><strong>corpus</strong></span> <span class='ocrx_word' id='word_1_136' title='bbox 830 1773 1102 1828; x_wconf 83' lang='lat' dir='ltr'><strong>recessit.</strong></span> <span class='ocrx_word' id='word_1_137' title='bbox 1135 1771 1386 1828; x_wconf 90' lang='lat' dir='ltr'><strong>Postero</strong></span> <span class='ocrx_word' id='word_1_138' title='bbox 1418 1774 1531 1840; x_wconf 89' lang='lat' dir='ltr'><strong>dic,</strong></span> <span class='ocrx_word' id='word_1_139' title='bbox 1566 1774 1827 1828; x_wconf 89' lang='lat' dir='ltr'><strong>nondum</strong></span> <span class='ocrx_word' id='word_1_140' title='bbox 1858 1775 2005 1828; x_wconf 90' lang='lat' dir='ltr'><strong>satis</strong></span> <span class='ocrx_word' id='word_1_141' title='bbox 2036 1774 2189 1828; x_wconf 86' lang='lat' dir='ltr'><strong>clara</strong></span> <span class='ocrx_word' id='word_1_142' title='bbox 2216 1773 2352 1841; x_wconf 90' lang='lat' dir='ltr'><strong>luce,</strong></span> 
     </span>
     <span class='ocr_line' id='line_1_19' title="bbox 410 1858 2353 1934; baseline -0.001 -18"><span class='ocrx_word' id='word_1_143' title='bbox 410 1864 640 1933; x_wconf 87' lang='lat' dir='ltr'><strong>primus</strong></span> <span class='ocrx_word' id='word_1_144' title='bbox 686 1862 838 1930; x_wconf 83' lang='lat' dir='ltr'><strong>vela,</strong></span> <span class='ocrx_word' id='word_1_145' title='bbox 890 1862 1133 1934; x_wconf 85' lang='lat' dir='ltr'><strong>signum</strong></span> <span class='ocrx_word' id='word_1_146' title='bbox 1180 1861 1334 1933; x_wconf 88' lang='lat' dir='ltr'><strong>capti</strong></span> <span class='ocrx_word' id='word_1_147' title='bbox 1376 1863 1640 1934; x_wconf 84' lang='lat' dir='ltr'><strong>verticiS,</strong></span> <span class='ocrx_word' id='word_1_148' title='bbox 1691 1863 2023 1933; x_wconf 85' lang='lat' dir='ltr'><strong>conspexit.</strong></span> <span class='ocrx_word' id='word_1_149' title='bbox 2064 1863 2199 1930; x_wconf 84' lang='lat' dir='ltr'><strong>Sed,</strong></span> <span class='ocrx_word' id='word_1_150' title='bbox 2236 1858 2353 1914; x_wconf 74' lang='lat' dir='ltr'><strong>ne¹⁹</strong></span> 
     </span>
     <span class='ocr_line' id='line_1_20' title="bbox 411 1949 2352 2023; baseline -0.002 -16"><span class='ocrx_word' id='word_1_151' title='bbox 411 1949 713 2008; x_wconf 86' lang='lat' dir='ltr'><strong>falleretur</strong></span> <span class='ocrx_word' id='word_1_152' title='bbox 751 1951 974 2008; x_wconf 75' lang='lat' dir='ltr'><strong>acies’⁰</strong></span> <span class='ocrx_word' id='word_1_153' title='bbox 1001 1950 1269 2007; x_wconf 88' lang='lat' dir='ltr'><strong>dubitare</strong></span> <span class='ocrx_word' id='word_1_154' title='bbox 1309 1951 1851 2023; x_wconf 83' lang='lat' dir='ltr'><strong>cogebatvarietas</strong></span> <span class='ocrx_word' id='word_1_155' title='bbox 1881 1951 2046 2021; x_wconf 87' lang='lat' dir='ltr'><strong>caeli,</strong></span> <span class='ocrx_word' id='word_1_156' title='bbox 2078 1966 2229 2007; x_wconf 89' lang='lat' dir='ltr'><strong>nunc</strong></span> <span class='ocrx_word' id='word_1_157' title='bbox 2269 1950 2352 2004; x_wconf 91' lang='lat' dir='ltr'><strong>in-</strong></span> 
     </span>
    </p>

    <p class='ocr_par' dir='ltr' id='par_1_7' title="bbox 287 2038 2356 2557">
     <span class='ocr_line' id='line_1_21' title="bbox 287 2038 2355 2113; baseline -0.003 -14"><span class='ocrx_word' id='word_1_158' title='bbox 287 2047 355 2101; x_wconf 75' lang='lat'><strong>22</strong></span> <span class='ocrx_word' id='word_1_159' title='bbox 409 2038 723 2096; x_wconf 88' lang='lat' dir='ltr'><strong>ternitente</strong></span> <span class='ocrx_word' id='word_1_160' title='bbox 752 2042 904 2096; x_wconf 90' lang='lat' dir='ltr'><strong>lucis</strong></span> <span class='ocrx_word' id='word_1_161' title='bbox 933 2040 1190 2113; x_wconf 84' lang='lat' dir='ltr'><strong>fulgore,</strong></span> <span class='ocrx_word' id='word_1_162' title='bbox 1225 2057 1384 2094; x_wconf 90' lang='lat' dir='ltr'><strong>nunc</strong></span> <span class='ocrx_word' id='word_1_163' title='bbox 1412 2042 1672 2096; x_wconf 82' lang='lat' dir='ltr'><strong>condite.</strong></span> <span class='ocrx_word' id='word_1_164' title='bbox 1720 2041 1943 2096; x_wconf 91' lang='lat' dir='ltr'><strong>Verum</strong></span> <span class='ocrx_word' id='word_1_165' title='bbox 1987 2045 2054 2096; x_wconf 90' lang='lat' dir='ltr'><strong>ut</strong></span> <span class='ocrx_word' id='word_1_166' title='bbox 2094 2040 2355 2112; x_wconf 86' lang='lat' dir='ltr'><strong>liquidior</strong></span> 
     </span>
     <span class='ocr_line' id='line_1_22' title="bbox 407 2129 2356 2204; baseline -0.001 -20"><span class='ocrx_word' id='word_1_167' title='bbox 407 2130 510 2185; x_wconf 87' lang='lat' dir='ltr'><strong>lux</strong></span> <span class='ocrx_word' id='word_1_168' title='bbox 535 2131 807 2201; x_wconf 87' lang='lat' dir='ltr'><strong>apparuit</strong></span> <span class='ocrx_word' id='word_1_169' title='bbox 836 2130 1004 2193; x_wconf 80' lang='lat' dir='ltr'><strong>cae10,</strong></span> <span class='ocrx_word' id='word_1_170' title='bbox 1024 2129 1321 2204; x_wconf 55' lang='lat' dir='ltr'><strong>⁴dubitatio</strong></span> <span class='ocrx_word' id='word_1_171' title='bbox 1357 2133 1629 2199; x_wconf 83' lang='lat' dir='ltr'><strong>exempta</strong></span> <span class='ocrx_word' id='word_1_172' title='bbox 1668 2132 1762 2183; x_wconf 87' lang='lat' dir='ltr'><strong>est</strong></span> <span class='ocrx_word' id='word_1_173' title='bbox 1793 2147 1805 2184; x_wconf 90' lang='lat'>:</span> <span class='ocrx_word' id='word_1_174' title='bbox 1840 2133 2227 2202; x_wconf 88' lang='lat' dir='ltr'><strong>vocatumque</strong></span> <span class='ocrx_word' id='word_1_175' title='bbox 2256 2130 2356 2184; x_wconf 89' lang='lat' dir='ltr'><strong>Co·</strong></span> 
     </span>
     <span class='ocr_line' id='line_1_23' title="bbox 409 2215 2355 2291; baseline -0.001 -19"><span class='ocrx_word' id='word_1_176' title='bbox 409 2219 582 2291; x_wconf 73' lang='lat' dir='ltr'><strong>pheri,</strong></span> <span class='ocrx_word' id='word_1_177' title='bbox 611 2235 717 2290; x_wconf 91' lang='lat' dir='ltr'><strong>per</strong></span> <span class='ocrx_word' id='word_1_178' title='bbox 759 2235 933 2290; x_wconf 90' lang='lat' dir='ltr'><strong>quem</strong></span> <span class='ocrx_word' id='word_1_179' title='bbox 976 2218 1371 2272; x_wconf 85' lang='lat' dir='ltr'><strong>barbarorum</strong></span> <span class='ocrx_word' id='word_1_180' title='bbox 1417 2217 1645 2272; x_wconf 84' lang='lat' dir='ltr'><strong>animos</strong></span> <span class='ocrx_word' id='word_1_181' title='bbox 1687 2221 2042 2288; x_wconf 79' lang='lat' dir='ltr'><strong>tentaverat,</strong></span> <span class='ocrx_word' id='word_1_182' title='bbox 2079 2219 2253 2273; x_wconf 87' lang='lat' dir='ltr'><strong>mittit</strong></span> <span class='ocrx_word' id='word_1_183' title='bbox 2294 2215 2355 2271; x_wconf 90' lang='lat' dir='ltr'><strong>ad</strong></span> 
     </span>
     <span class='ocr_line' id='line_1_24' title="bbox 409 2307 2353 2378; baseline -0.003 -15"><span class='ocrx_word' id='word_1_184' title='bbox 409 2324 532 2377; x_wconf 82' lang='lat' dir='ltr'><strong>eOS,</strong></span> <span class='ocrx_word' id='word_1_185' title='bbox 565 2309 665 2378; x_wconf 91' lang='lat' dir='ltr'><strong>qui</strong></span> <span class='ocrx_word' id='word_1_186' title='bbox 694 2312 951 2363; x_wconf 88' lang='lat' dir='ltr'><strong>moneret</strong></span> <span class='ocrx_word' id='word_1_187' title='bbox 987 2323 1143 2362; x_wconf 90' lang='lat' dir='ltr'><strong>nune</strong></span> <span class='ocrx_word' id='word_1_188' title='bbox 1183 2308 1395 2361; x_wconf 89' lang='lat' dir='ltr'><strong>saltem</strong></span> <span class='ocrx_word' id='word_1_189' title='bbox 1420 2308 1724 2363; x_wconf 83' lang='lat' dir='ltr'><strong>salubrius</strong></span> <span class='ocrx_word' id='word_1_190' title='bbox 1756 2307 2074 2362; x_wconf 90' lang='lat' dir='ltr'><strong>consilium</strong></span> <span class='ocrx_word' id='word_1_191' title='bbox 2105 2308 2316 2362; x_wconf 91' lang='lat' dir='ltr'><strong>inirent</strong></span> <span class='ocrx_word' id='word_1_192' title='bbox 2342 2318 2353 2358; x_wconf 91' lang='lat'>:</span> 
     </span>
     <span class='ocr_line' id='line_1_25' title="bbox 409 2394 2355 2468; baseline -0.002 -17"><span class='ocrx_word' id='word_1_193' title='bbox 409 2397 507 2451; x_wconf 91' lang='lat' dir='ltr'><strong>sin</strong></span> <span class='ocrx_word' id='word_1_194' title='bbox 527 2400 723 2452; x_wconf 90' lang='lat' dir='ltr'><strong>autem</strong></span> <span class='ocrx_word' id='word_1_195' title='bbox 745 2396 958 2451; x_wconf 81' lang='lat' dir='ltr'><strong>fiducia</strong></span> <span class='ocrx_word' id='word_1_196' title='bbox 995 2397 1110 2450; x_wconf 89' lang='lat' dir='ltr'><strong>loci</strong></span> <span class='ocrx_word' id='word_1_197' title='bbox 1137 2399 1611 2466; x_wconf 87' lang='lat' dir='ltr'><strong>perseverarent,</strong></span> <span class='ocrx_word' id='word_1_198' title='bbox 1643 2395 1873 2451; x_wconf 91' lang='lat' dir='ltr'><strong>ostendi</strong></span> <span class='ocrx_word' id='word_1_199' title='bbox 1903 2412 1939 2449; x_wconf 87' lang='lat' dir='ltr'><strong>a</strong></span> <span class='ocrx_word' id='word_1_200' title='bbox 1966 2400 2139 2468; x_wconf 81' lang='lat' dir='ltr'><strong>tergo</strong></span> <span class='ocrx_word' id='word_1_201' title='bbox 2162 2394 2355 2467; x_wconf 85' lang='lat' dir='ltr'><strong>jussit,</strong></span> 
     </span>
     <span class='ocr_line' id='line_1_26' title="bbox 408 2485 1139 2557; baseline -0.001 -17"><span class='ocrx_word' id='word_1_202' title='bbox 408 2485 509 2557; x_wconf 88' lang='lat' dir='ltr'><strong>qui</strong></span> <span class='ocrx_word' id='word_1_203' title='bbox 537 2489 812 2556; x_wconf 89' lang='lat' dir='ltr'><strong>ceperant</strong></span> <span class='ocrx_word' id='word_1_204' title='bbox 839 2485 1139 2542; x_wconf 87' lang='lat' dir='ltr'><strong>verticem.</strong></span> 
     </span>
    </p>

    <p class='ocr_par' dir='ltr' id='par_1_8' title="bbox 284 2574 2358 2750">
     <span class='ocr_line' id='line_1_27' title="bbox 284 2574 2355 2648; baseline -0.002 -13"><span class='ocrx_word' id='word_1_205' title='bbox 284 2579 352 2635; x_wconf 78' lang='lat'><strong>23</strong></span> <span class='ocrx_word' id='word_1_206' title='bbox 477 2576 712 2648; x_wconf 89' lang='lat' dir='ltr'><strong>Cophes</strong></span> <span class='ocrx_word' id='word_1_207' title='bbox 759 2577 1059 2632; x_wconf 89' lang='lat' dir='ltr'><strong>admissus</strong></span> <span class='ocrx_word' id='word_1_208' title='bbox 1107 2575 1357 2631; x_wconf 86' lang='lat' dir='ltr'><strong>suadere</strong></span> <span class='ocrx_word' id='word_1_209' title='bbox 1375 2574 1413 2603; x_wconf 74' lang='lat'><strong>‘¹</strong></span> <span class='ocrx_word' id='word_1_210' title='bbox 1456 2575 1631 2645; x_wconf 88' lang='lat' dir='ltr'><strong>coepit</strong></span> <span class='ocrx_word' id='word_1_211' title='bbox 1676 2575 1934 2630; x_wconf 86' lang='lat' dir='ltr'><strong>Arimazi</strong></span> <span class='ocrx_word' id='word_1_212' title='bbox 1972 2579 2196 2646; x_wconf 89' lang='lat' dir='ltr'><strong>petram</strong></span> <span class='ocrx_word' id='word_1_213' title='bbox 2243 2578 2355 2630; x_wconf 87' lang='lat' dir='ltr'><strong>tra-</strong></span> 
     </span>
     <span class='ocr_line' id='line_1_28' title="bbox 407 2664 2358 2750; baseline -0.002 -29"><span class='ocrx_word' id='word_1_214' title='bbox 407 2666 566 2733; x_wconf 89' lang='lat' dir='ltr'><strong>dere,</strong></span> <span class='ocrx_word' id='word_1_215' title='bbox 609 2667 855 2737; x_wconf 83' lang='lat' dir='ltr'><strong>gratiam</strong></span> <span class='ocrx_word' id='word_1_216' title='bbox 900 2666 1064 2739; x_wconf 83' lang='lat' dir='ltr'><strong>regis</strong></span> <span class='ocrx_word' id='word_1_217' title='bbox 1111 2665 1353 2732; x_wconf 89' lang='lat' dir='ltr'><strong>inituro,</strong></span> <span class='ocrx_word' id='word_1_218' title='bbox 1400 2664 1474 2732; x_wconf 92' lang='lat' dir='ltr'><strong>si,</strong></span> <span class='ocrx_word' id='word_1_219' title='bbox 1518 2666 1712 2750; x_wconf 76' lang='lat' dir='ltr'><strong>tantas</strong></span> <span class='ocrx_word' id='word_1_220' title='bbox 1764 2680 1864 2718; x_wconf 88' lang='lat' dir='ltr'><strong>res</strong></span> <span class='ocrx_word' id='word_1_221' title='bbox 1904 2664 2267 2729; x_wconf 88' lang='lat' dir='ltr'><strong>molientem,</strong></span> <span class='ocrx_word' id='word_1_222' title='bbox 2305 2665 2358 2718; x_wconf 91' lang='lat' dir='ltr'><strong>in</strong></span> 
     </span>
    </p>
   </div>
   <div class='ocr_carea' id='block_1_3' title="bbox 404 2825 2359 3630">
    <p class='ocr_par' dir='ltr' id='par_1_9' title="bbox 456 2825 1477 2881">
     <span class='ocr_line' id='line_1_29' title="bbox 456 2825 1477 2881; baseline 0.001 -10"><span class='ocrx_word' id='word_1_223' title='bbox 456 2825 531 2871; x_wconf 77' lang='lat'><strong>15.</strong></span> <span class='ocrx_word' id='word_1_224' title='bbox 562 2825 844 2881; x_wconf 70' lang='lat' dir='ltr'><strong>Fatiqatione</strong></span> <span class='ocrx_word' id='word_1_225' title='bbox 875 2826 1060 2871; x_wconf 73' lang='lat' dir='ltr'><strong>laboris.</strong></span> <span class='ocrx_word' id='word_1_226' title='bbox 1095 2828 1189 2869; x_wconf 86' lang='lat' dir='ltr'><strong>Non</strong></span> <span class='ocrx_word' id='word_1_227' title='bbox 1217 2825 1477 2880; x_wconf 74' lang='lat' dir='ltr'><strong>classique.</strong></span> 
     </span>
    </p>

    <p class='ocr_par' dir='ltr' id='par_1_10' title="bbox 405 2885 2357 3007">
     <span class='ocr_line' id='line_1_30' title="bbox 457 2885 2357 2944; baseline 0 -12"><span class='ocrx_word' id='word_1_228' title='bbox 457 2888 530 2937; x_wconf 84' lang='grc'><strong>16.</strong></span> <span class='ocrx_word' id='word_1_229' title='bbox 564 2890 704 2934; x_wconf 66' lang='lat' dir='ltr'><strong>Invita</strong></span> <span class='ocrx_word' id='word_1_230' title='bbox 739 2894 786 2934; x_wconf 82' lang='lat' dir='ltr'><strong>et</strong></span> <span class='ocrx_word' id='word_1_231' title='bbox 817 2890 988 2944; x_wconf 69' lang='lat' dir='ltr'><strong>asperis</strong></span> <span class='ocrx_word' id='word_1_232' title='bbox 1019 2900 1243 2933; x_wconf 73' lang='lat' dir='ltr'><strong>saxorum.</strong></span> <span class='ocrx_word' id='word_1_233' title='bbox 1280 2886 1481 2944; x_wconf 81' lang='lat' dir='ltr'><strong>Adjectif</strong></span> <span class='ocrx_word' id='word_1_234' title='bbox 1514 2892 1680 2932; x_wconf 89' lang='lat' dir='ltr'><strong>neutre</strong></span> <span class='ocrx_word' id='word_1_235' title='bbox 1722 2897 1834 2932; x_wconf 83' lang='lat' dir='ltr'><strong>avec</strong></span> <span class='ocrx_word' id='word_1_236' title='bbox 1876 2886 1923 2932; x_wconf 86' lang='lat' dir='ltr'><strong>le</strong></span> <span class='ocrx_word' id='word_1_237' title='bbox 1966 2885 2139 2943; x_wconf 74' lang='lat' dir='ltr'><strong>genitis</strong></span> <span class='ocrx_word' id='word_1_238' title='bbox 2172 2886 2357 2943; x_wconf 70' lang='lat' dir='ltr'><strong>partitis.</strong></span> 
     </span>
     <span class='ocr_line' id='line_1_31' title="bbox 405 2949 923 3007; baseline 0.004 -12"><span class='ocrx_word' id='word_1_239' title='bbox 405 2949 470 2997; x_wconf 78' lang='lat' dir='ltr'><strong>cf.</strong></span> <span class='ocrx_word' id='word_1_240' title='bbox 495 2954 567 3007; x_wconf 84' lang='lat'><strong>111,</strong></span> <span class='ocrx_word' id='word_1_241' title='bbox 597 2963 686 3007; x_wconf 82' lang='lat' dir='ltr'><strong>vu,</strong></span> <span class='ocrx_word' id='word_1_242' title='bbox 712 2959 821 2996; x_wconf 87' lang='lat' dir='ltr'><strong>note</strong></span> <span class='ocrx_word' id='word_1_243' title='bbox 850 2957 923 2997; x_wconf 83' lang='lat'><strong>11.</strong></span> 
     </span>
    </p>

    <p class='ocr_par' dir='ltr' id='par_1_11' title="bbox 457 3015 1676 3070">
     <span class='ocr_line' id='line_1_32' title="bbox 457 3015 1676 3070; baseline 0.002 -12"><span class='ocrx_word' id='word_1_244' title='bbox 457 3018 529 3058; x_wconf 76' lang='lat'><strong>1⁷.</strong></span> <span class='ocrx_word' id='word_1_245' title='bbox 570 3015 646 3058; x_wconf 72' lang='lat' dir='ltr'><strong>Vis</strong></span> <span class='ocrx_word' id='word_1_246' title='bbox 675 3026 853 3059; x_wconf 89' lang='lat' dir='ltr'><strong>comme</strong></span> <span class='ocrx_word' id='word_1_247' title='bbox 882 3016 1031 3070; x_wconf 78' lang='lat' dir='ltr'><strong>copia.</strong></span> <span class='ocrx_word' id='word_1_248' title='bbox 1669 3032 1676 3037; x_wconf 67' lang='grc'><strong><em>’</em></strong></span> 
     </span>
    </p>

    <p class='ocr_par' dir='ltr' id='par_1_12' title="bbox 404 3073 2359 3194">
     <span class='ocr_line' id='line_1_33' title="bbox 457 3073 2359 3133; baseline -0.001 -14"><span class='ocrx_word' id='word_1_249' title='bbox 457 3075 531 3123; x_wconf 84' lang='lat'><strong>18.</strong></span> <span class='ocrx_word' id='word_1_250' title='bbox 564 3077 816 3121; x_wconf 72' lang='lat' dir='ltr'><strong>obscuritas</strong></span> <span class='ocrx_word' id='word_1_251' title='bbox 849 3080 1119 3133; x_wconf 75' lang='lat' dir='ltr'><strong>conspectum</strong></span> <span class='ocrx_word' id='word_1_252' title='bbox 1154 3076 1374 3121; x_wconf 79' lang='lat' dir='ltr'><strong>oculorum</strong></span> <span class='ocrx_word' id='word_1_253' title='bbox 1413 3075 1651 3120; x_wconf 70' lang='lat' dir='ltr'><strong>ademisset</strong></span> <span class='ocrx_word' id='word_1_254' title='bbox 1684 3073 1802 3118; x_wconf 86' lang='lat' dir='ltr'><strong>n’est</strong></span> <span class='ocrx_word' id='word_1_255' title='bbox 1828 3086 1914 3129; x_wconf 82' lang='lat' dir='ltr'><strong>pas</strong></span> <span class='ocrx_word' id='word_1_256' title='bbox 1941 3085 2036 3120; x_wconf 86' lang='lat' dir='ltr'><strong>une</strong></span> <span class='ocrx_word' id='word_1_257' title='bbox 2061 3074 2287 3120; x_wconf 84' lang='lat' dir='ltr'><strong>tournure</strong></span> <span class='ocrx_word' id='word_1_258' title='bbox 2307 3074 2359 3120; x_wconf 80' lang='lat' dir='ltr'><strong>da</strong></span> 
     </span>
     <span class='ocr_line' id='line_1_34' title="bbox 404 3136 1243 3194; baseline 0.01 -14"><span class='ocrx_word' id='word_1_259' title='bbox 404 3138 450 3180; x_wconf 87' lang='lat' dir='ltr'><strong>la.</strong></span> <span class='ocrx_word' id='word_1_260' title='bbox 476 3149 614 3191; x_wconf 88' lang='lat' dir='ltr'><strong>prose</strong></span> <span class='ocrx_word' id='word_1_261' title='bbox 642 3140 897 3194; x_wconf 86' lang='lat' dir='ltr'><strong>classique.</strong></span> <span class='ocrx_word' id='word_1_262' title='bbox 1234 3136 1243 3145; x_wconf 63' lang='grc'><strong>“</strong></span> 
     </span>
    </p>

    <p class='ocr_par' dir='ltr' id='par_1_13' title="bbox 404 3198 2358 3321">
     <span class='ocr_line' id='line_1_35' title="bbox 463 3198 2358 3259; baseline 0.001 -16"><span class='ocrx_word' id='word_1_263' title='bbox 463 3204 530 3246; x_wconf 70' lang='grc'><strong>19.</strong></span> <span class='ocrx_word' id='word_1_264' title='bbox 562 3200 791 3256; x_wconf 80' lang='lat' dir='ltr'><strong>Dubitare,</strong></span> <span class='ocrx_word' id='word_1_265' title='bbox 819 3203 1050 3246; x_wconf 85' lang='lat' dir='ltr'><strong>construit</strong></span> <span class='ocrx_word' id='word_1_266' title='bbox 1078 3208 1255 3246; x_wconf 88' lang='lat' dir='ltr'><strong>comme</strong></span> <span class='ocrx_word' id='word_1_267' title='bbox 1288 3205 1485 3245; x_wconf 79' lang='lat' dir='ltr'><strong>metuere</strong></span> <span class='ocrx_word' id='word_1_268' title='bbox 1508 3210 1625 3245; x_wconf 85' lang='lat' dir='ltr'><strong>avec</strong></span> <span class='ocrx_word' id='word_1_269' title='bbox 1653 3211 1722 3251; x_wconf 78' lang='lat' dir='ltr'><strong>ne,</strong></span> <span class='ocrx_word' id='word_1_270' title='bbox 1747 3199 1869 3245; x_wconf 84' lang='lat' dir='ltr'><strong>n&#39;est</strong></span> <span class='ocrx_word' id='word_1_271' title='bbox 1889 3210 1974 3255; x_wconf 82' lang='lat' dir='ltr'><strong>pas</strong></span> <span class='ocrx_word' id='word_1_272' title='bbox 2002 3198 2160 3246; x_wconf 87' lang='lat' dir='ltr'><strong>usuel.</strong></span> <span class='ocrx_word' id='word_1_273' title='bbox 2189 3198 2358 3259; x_wconf 73' lang='lat' dir='ltr'><strong>Cr.,sur</strong></span> 
     </span>
     <span class='ocr_line' id='line_1_36' title="bbox 404 3261 2036 3321; baseline 0.001 -15"><span class='ocrx_word' id='word_1_274' title='bbox 404 3261 451 3306; x_wconf 84' lang='lat' dir='ltr'><strong>la</strong></span> <span class='ocrx_word' id='word_1_275' title='bbox 479 3264 789 3306; x_wconf 83' lang='lat' dir='ltr'><strong>construction</strong></span> <span class='ocrx_word' id='word_1_276' title='bbox 807 3264 864 3307; x_wconf 88' lang='lat' dir='ltr'><strong>de</strong></span> <span class='ocrx_word' id='word_1_277' title='bbox 892 3265 1111 3321; x_wconf 71' lang='lat' dir='ltr'><strong>‹labiim-e,</strong></span> <span class='ocrx_word' id='word_1_278' title='bbox 1141 3268 1213 3317; x_wconf 85' lang='lat'><strong>111,</strong></span> <span class='ocrx_word' id='word_1_279' title='bbox 1240 3275 1343 3318; x_wconf 80' lang='lat' dir='ltr'><strong>vm,</strong></span> <span class='ocrx_word' id='word_1_280' title='bbox 1367 3266 1473 3308; x_wconf 87' lang='lat' dir='ltr'><strong>note</strong></span> <span class='ocrx_word' id='word_1_281' title='bbox 1497 3266 1570 3307; x_wconf 76' lang='lat'><strong>18.</strong></span> <span class='ocrx_word' id='word_1_282' title='bbox 2029 3263 2036 3271; x_wconf 87' lang='lat'><strong><em>&#39;</em></strong></span> 
     </span>
    </p>

    <p class='ocr_par' dir='ltr' id='par_1_14' title="bbox 457 3324 1376 3378">
     <span class='ocr_line' id='line_1_37' title="bbox 457 3324 1376 3378; baseline 0.003 -11"><span class='ocrx_word' id='word_1_283' title='bbox 457 3324 532 3373; x_wconf 75' lang='lat'><strong>20.</strong></span> <span class='ocrx_word' id='word_1_284' title='bbox 562 3324 710 3378; x_wconf 70' lang='lat' dir='ltr'><strong>Acies,</strong></span> <span class='ocrx_word' id='word_1_285' title='bbox 733 3326 956 3368; x_wconf 85' lang='lat' dir='ltr'><strong>entendez</strong></span> <span class='ocrx_word' id='word_1_286' title='bbox 984 3327 1105 3370; x_wconf 73' lang='lat' dir='ltr'><strong>acics</strong></span> <span class='ocrx_word' id='word_1_287' title='bbox 1133 3326 1376 3370; x_wconf 82' lang='lat' dir='ltr'><strong>oculorum.</strong></span> 
     </span>
    </p>

    <p class='ocr_par' dir='ltr' id='par_1_15' title="bbox 406 3382 2358 3630">
     <span class='ocr_line' id='line_1_38' title="bbox 458 3382 2358 3441; baseline 0.002 -13"><span class='ocrx_word' id='word_1_288' title='bbox 458 3385 531 3428; x_wconf 73' lang='lat'><strong>21.</strong></span> <span class='ocrx_word' id='word_1_289' title='bbox 567 3386 756 3430; x_wconf 77' lang='lat' dir='ltr'><strong>Suadere</strong></span> <span class='ocrx_word' id='word_1_290' title='bbox 800 3397 912 3430; x_wconf 82' lang='lat' dir='ltr'><strong>avec</strong></span> <span class='ocrx_word' id='word_1_291' title='bbox 954 3388 1181 3432; x_wconf 80' lang='lat' dir='ltr'><strong>l&#39;infinitir</strong></span> <span class='ocrx_word' id='word_1_292' title='bbox 1218 3391 1293 3432; x_wconf 89' lang='lat' dir='ltr'><strong>est</strong></span> <span class='ocrx_word' id='word_1_293' title='bbox 1319 3388 1438 3432; x_wconf 88' lang='lat' dir='ltr'><strong>deux</strong></span> <span class='ocrx_word' id='word_1_294' title='bbox 1467 3385 1553 3430; x_wconf 83' lang='lat' dir='ltr'><strong>fois</strong></span> <span class='ocrx_word' id='word_1_295' title='bbox 1583 3384 1697 3430; x_wconf 88' lang='lat' dir='ltr'><strong>chez</strong></span> <span class='ocrx_word' id='word_1_296' title='bbox 1725 3382 1955 3441; x_wconf 70' lang='lat' dir='ltr'><strong>Ciceron3</strong></span> <span class='ocrx_word' id='word_1_297' title='bbox 1986 3385 2016 3428; x_wconf 84' lang='lat' dir='ltr'><strong>il</strong></span> <span class='ocrx_word' id='word_1_298' title='bbox 2047 3396 2097 3429; x_wconf 88' lang='lat' dir='ltr'><strong>se</strong></span> <span class='ocrx_word' id='word_1_299' title='bbox 2121 3392 2358 3432; x_wconf 77' lang='lat' dir='ltr'><strong>rencontre</strong></span> 
     </span>
     <span class='ocr_line' id='line_1_39' title="bbox 407 3442 2358 3503; baseline 0.001 -12"><span class='ocrx_word' id='word_1_300' title='bbox 407 3447 698 3503; x_wconf 80' lang='lat' dir='ltr'><strong>quelquefois</strong></span> <span class='ocrx_word' id='word_1_301' title='bbox 735 3442 849 3491; x_wconf 85' lang='lat' dir='ltr'><strong>chez</strong></span> <span class='ocrx_word' id='word_1_302' title='bbox 884 3449 953 3492; x_wconf 85' lang='lat' dir='ltr'><strong>les</strong></span> <span class='ocrx_word' id='word_1_303' title='bbox 990 3449 1150 3502; x_wconf 82' lang='lat' dir='ltr'><strong>poetes</strong></span> <span class='ocrx_word' id='word_1_304' title='bbox 1177 3462 1237 3494; x_wconf 92' lang='lat' dir='ltr'><strong>ou</strong></span> <span class='ocrx_word' id='word_1_305' title='bbox 1266 3448 1335 3493; x_wconf 89' lang='lat' dir='ltr'><strong>les</strong></span> <span class='ocrx_word' id='word_1_306' title='bbox 1364 3447 1595 3493; x_wconf 78' lang='lat' dir='ltr'><strong>ecrivains</strong></span> <span class='ocrx_word' id='word_1_307' title='bbox 1633 3444 1945 3503; x_wconf 76' lang='lat' dir='ltr'><strong>posterieurS.</strong></span> <span class='ocrx_word' id='word_1_308' title='bbox 1986 3446 2152 3492; x_wconf 71' lang='lat' dir='ltr'><strong>Firmis</strong></span> <span class='ocrx_word' id='word_1_309' title='bbox 2173 3448 2358 3502; x_wconf 69' lang='lat' dir='ltr'><strong>judiciis</strong></span> 
     </span>
     <span class='ocr_line' id='line_1_40' title="bbox 406 3507 2356 3568; baseline 0.002 -17"><span class='ocrx_word' id='word_1_310' title='bbox 406 3510 625 3552; x_wconf 71' lang='lat' dir='ltr'><strong>suaserim</strong></span> <span class='ocrx_word' id='word_1_311' title='bbox 657 3512 702 3552; x_wconf 78' lang='lat' dir='ltr'><strong>et</strong></span> <span class='ocrx_word' id='word_1_312' title='bbox 730 3509 932 3563; x_wconf 70' lang='lat' dir='ltr'><strong>antiquos</strong></span> <span class='ocrx_word' id='word_1_313' title='bbox 961 3510 1126 3564; x_wconf 71' lang='lat' dir='ltr'><strong>[caere.</strong></span> <span class='ocrx_word' id='word_1_314' title='bbox 1159 3512 1195 3554; x_wconf 83' lang='grc' dir='ltr'><strong>Α</strong></span> <span class='ocrx_word' id='word_1_315' title='bbox 1223 3522 1348 3556; x_wconf 82' lang='lat' dir='ltr'><strong>ceux</strong></span> <span class='ocrx_word' id='word_1_316' title='bbox 1384 3511 1493 3556; x_wconf 88' lang='lat' dir='ltr'><strong>dont</strong></span> <span class='ocrx_word' id='word_1_317' title='bbox 1534 3511 1578 3554; x_wconf 93' lang='lat' dir='ltr'><strong>le</strong></span> <span class='ocrx_word' id='word_1_318' title='bbox 1602 3509 1840 3566; x_wconf 82' lang='lat' dir='ltr'><strong>jugement</strong></span> <span class='ocrx_word' id='word_1_319' title='bbox 1880 3514 1953 3553; x_wconf 86' lang='lat' dir='ltr'><strong>est</strong></span> <span class='ocrx_word' id='word_1_320' title='bbox 1994 3507 2100 3565; x_wconf 67' lang='lat' dir='ltr'><strong>deja</strong></span> <span class='ocrx_word' id='word_1_321' title='bbox 2125 3509 2293 3568; x_wconf 71' lang='lat' dir='ltr'><strong>forme,</strong></span> <span class='ocrx_word' id='word_1_322' title='bbox 2312 3511 2356 3567; x_wconf 69' lang='lat' dir='ltr'><strong>jn</strong></span> 
     </span>
     <span class='ocr_line' id='line_1_41' title="bbox 410 3564 2035 3630; baseline 0.001 -15"><span class='ocrx_word' id='word_1_323' title='bbox 410 3569 729 3615; x_wconf 82' lang='lat' dir='ltr'><strong>conseillerais</strong></span> <span class='ocrx_word' id='word_1_324' title='bbox 752 3569 912 3613; x_wconf 86' lang='lat' dir='ltr'><strong>delire</strong></span> <span class='ocrx_word' id='word_1_325' title='bbox 939 3572 1063 3616; x_wconf 82' lang='lat' dir='ltr'><strong>aussi</strong></span> <span class='ocrx_word' id='word_1_326' title='bbox 1092 3564 1159 3617; x_wconf 85' lang='lat' dir='ltr'><strong>les</strong></span> <span class='ocrx_word' id='word_1_327' title='bbox 1181 3573 1373 3619; x_wconf 86' lang='lat' dir='ltr'><strong>anciens</strong></span> <span class='ocrx_word' id='word_1_328' title='bbox 1397 3571 1600 3630; x_wconf 84' lang='lat' dir='ltr'><strong>(Quint.,</strong></span> <span class='ocrx_word' id='word_1_329' title='bbox 1628 3566 1766 3627; x_wconf 64' lang='lat' dir='ltr'><strong>lust„</strong></span> <span class='ocrx_word' id='word_1_330' title='bbox 1787 3573 1843 3629; x_wconf 81' lang='lat'><strong>11,</strong></span> <span class='ocrx_word' id='word_1_331' title='bbox 1862 3583 1912 3623; x_wconf 81' lang='lat' dir='ltr'><strong>v.</strong></span> <span class='ocrx_word' id='word_1_332' title='bbox 1940 3569 2035 3627; x_wconf 82' lang='lat'><strong>23).</strong></span> 
     </span>
    </p>
   </div>
   <div class='ocr_carea' id='block_1_4' title="bbox 2461 1465 2466 2023">
    <p class='ocr_par' dir='ltr' id='par_1_16' title="bbox 2461 1465 2466 2023">
     <span class='ocr_line' id='line_1_42' title="bbox 2461 1465 2466 2023; baseline 0 0"><span class='ocrx_word' id='word_1_333' title='bbox 2461 1465 2466 2023; x_wconf 95' lang='lat' dir='ltr'><strong> </strong></span> 
     </span>
    </p>
   </div>
   <div class='ocr_carea' id='block_1_5' title="bbox 2447 2190 2466 2641">
    <p class='ocr_par' dir='ltr' id='par_1_17' title="bbox 2447 2190 2466 2641">
     <span class='ocr_line' id='line_1_43' title="bbox 2447 2190 2466 2641; textangle 90"><span class='ocrx_word' id='word_1_334' title='bbox 2461 2574 2462 2641; x_wconf 32' lang='grc' dir='ltr'><strong>ᾼῌᾼ</strong></span> <span class='ocrx_word' id='word_1_335' title='bbox 2447 2262 2464 2489; x_wconf 49' lang='grc' dir='ltr'><strong>ᾼ-ι-ιιμ-κ-</strong></span> <span class='ocrx_word' id='word_1_336' title='bbox 2455 2190 2466 2209; x_wconf 33' lang='grc' dir='ltr'><strong>ιιι.</strong></span> 
     </span>
    </p>
   </div>
   <div class='ocr_carea' id='block_1_6' title="bbox 2456 3186 2464 3878">
    <p class='ocr_par' dir='ltr' id='par_1_18' title="bbox 2456 3186 2464 3878">
     <span class='ocr_line' id='line_1_44' title="bbox 2456 3186 2464 3878; baseline 0 0"><span class='ocrx_word' id='word_1_337' title='bbox 2456 3186 2464 3878; x_wconf 95' lang='lat' dir='ltr'><strong> </strong></span> 
     </span>
    </p>
   </div>
  </div>
 </body>
</html>
