2517 3975
300 951 369 1008 34

299 1932 368 1989 36

296 2199 364 2255 37

297 2289 367 2343 38

295 2380 366 2434 39

290 2823 363 2880 40

289 2914 353 2968 41

428 205 529 260 124
1058 274 1063 277 .
1192 222 1247 267 Q.
1290 221 1461 261 curru
1497 220 1634 259 mm

426 327 584 382 horti
622 329 781 394 sunt,
812 343 1101 384 summam
1138 343 1447 384 murorum
1484 326 1851 382 altitudinem
1878 328 2207 396 aequantes,
2239 327 2398 382 mul-

427 418 733 488 tarumque
763 417 1042 472 arborum
1071 417 1283 472 umbra
1313 420 1371 472 et
1398 415 1747 486 proceritate
1778 415 2020 472 amoeni.
2053 414 2211 470 Saxo
2242 416 2396 485 pilae,

426 520 558 576 quae
579 508 764 560 totum
786 521 939 561 onus
969 507 1288 573 sustinent,
1311 506 1614 560 instructae
1648 508 1806 575 sunt,
1830 518 2013 574 super
2030 505 2185 575 pilas
2205 502 2398 574 lapide

425 593 709 664 quadrato
751 594 946 649 solum
993 597 1237 649 stratum
1286 596 1397 660 est,
1436 592 1672 663 patiens
1713 595 1890 646 terrae
1916 591 1957 618 ²⁸
1996 607 2172 661 quam
2224 593 2400 646 altam

425 681 717 753 injiciunt,
759 687 817 737 et
854 682 1142 750 humoris,
1186 697 1302 752 quo
1343 682 1542 751 rigant
1580 685 1769 737 terras
1804 698 1816 734 ε
1859 681 2127 751 adeoque
2166 681 2399 737 validas

425 770 672 826 arbores
709 771 1001 825 sustinent
1036 771 1247 838 moles,
1280 773 1346 826 ut
1381 770 1616 841 stipites
1650 786 1853 825 earum
1883 786 1991 824 vm
2020 770 2396 824 cubitorum*

424 850 1101 931 spatium‘erassiludine
1131 863 1387 931 aequent,
1419 860 1482 914 in
1502 877 1537 914 ι.
1556 859 1773 931 pedum
1793 861 1812 880 *
1841 859 2214 913 altitudinem
2248 859 2397 913 emi-

425 952 622 1017 neant,
655 947 1079 1019 frugiferaeque
1107 949 1249 1015 sint,
1282 951 1345 1002 ut
1377 949 1432 1002 si
1460 951 1615 1003 terra
1655 964 1764 1003 sua
1793 947 2107 1002 alerentur.
2147 947 2225 1001 Et
2262 962 2397 1002 eum

423 1037 692 1089 vetustas
739 1050 859 1089 non
907 1050 1086 1105 opera
1135 1034 1328 1090 solum
1374 1032 1759 1103 manufacta,
1804 1034 1911 1089 sed
1966 1037 2140 1089 etiam
2200 1034 2398 1105 ipsam

424 1125 693 1177 naturam
734 1125 1015 1193 paulatim
1051 1123 1359 1180 exedendo
1406 1125 1673 1194 perimat,
1714 1123 1841 1179 haee
1881 1124 2092 1191 moles,
2135 1140 2270 1194 quae
2303 1127 2396 1181 tot

423 1210 700 1265 arborum
731 1212 1032 1267 radicibus
1059 1213 1347 1282 premitur
1375 1213 1639 1283 tantique
1668 1212 1931 1267 nemoris
1961 1212 2222 1282 pondere
2252 1228 2396 1268 one-

424 1303 551 1353 rata
580 1302 687 1367 est,
711 1299 991 1355 inviolata
1020 1298 1210 1364 durat,
1235 1302 1451 1371 quippe
1483 1318 1564 1354 xx
1592 1299 1773 1371 pedes
1793 1301 1810 1320 ‘
1834 1300 1937 1354 lati
1965 1301 2227 1370 parietes
2260 1315 2394 1355 sus-

425 1389 633 1456 tinent,
663 1406 725 1443 xi
755 1389 966 1459 pedum
987 1389 1006 1409 *
1034 1390 1350 1444 intervallo
1381 1389 1690 1455 distantes,
1723 1393 1786 1444 ut
1815 1389 2022 1459 procul
2052 1390 2394 1445 visentibus

424 1476 594 1532 silvae
624 1477 924 1531 montibus
952 1478 1083 1532 suis
1119 1478 1432 1533 imminere
1463 1478 1793 1536 videantur.
1826 1477 2071 1547 Syriae²⁹
2110 1493 2309 1549 regem
2329 1478 2390 1545 ⁸⁰,

422 1564 724 1634 Babylone
754 1569 1121 1636 regnantem,
1156 1566 1266 1620 hoo
1295 1581 1447 1636 opus
1476 1580 1612 1621 esse
1638 1565 1902 1620 molitum
1930 1566 2233 1619 memoriae
2264 1582 2397 1636 pro-

424 1652 610 1707 ditum
639 1654 752 1717 est,
782 1668 981 1708 amore
1011 1653 1290 1726 conjugis
1320 1656 1558 1722 vietum,
1582 1669 1736 1724 quae,
1758 1653 2054 1708 desiderio
2085 1668 2396 1709 nemorum

425 1741 833 1812 silvarumque
862 1741 923 1795 in
952 1742 1378 1812 campestribus
1416 1741 1585 1808 lucia,
1619 1742 1812 1796 virum
1842 1742 2170 1811 compulit⁸¹
2202 1759 2393 1798 amoe-

421 1832 663 1884 nitatem
692 1834 917 1886 naturae
950 1847 1170 1903 genere
1202 1831 1387 1902 hujus
1415 1832 1669 1904 operis⁸’
1697 1831 1938 1886 imitari.

494 1918 729 1974 Diutius
759 1920 820 1973 in
852 1920 958 1975 hae
988 1920 1132 1975 urbe
1163 1936 1338 1992 quam
1367 1935 1617 1992 usquam
1655 1922 1920 1977 constitit
1958 1936 2081 1993 rex,
2127 1938 2240 1978 neo
2276 1922 2389 1978 alio

420 2010 548 2064 loeo
580 2009 911 2080 disciplinae
941 2009 1175 2064 militari
1206 2011 1399 2081 magis
1430 2010 1633 2065 nocuit
1658 2028 1669 2064 :
1702 2010 1848 2065 nihil
1879 2012 2046 2066 urbis
2076 2010 2214 2082 ejus
2253 1998 2384 2067 eor-

422 2100 658 2169 ruptius
687 2099 973 2167 moribus,
1007 2097 1149 2153 nihil
1180 2097 1253 2152 ad
1284 2098 1600 2154 irritandas
1637 2099 2086 2170 illiciendasque
2117 2100 2389 2155 immodi-

421 2204 523 2243 cas
579 2188 927 2259 cupiditates
983 2188 1353 2242 instructius,
1394 2186 1752 2243 Convivales
1801 2189 1922 2243 ludi
1973 2191 2092 2243 tota
2144 2189 2386 2243 Perside

419 2277 665 2348 regibus
701 2279 1160 2346 purpuratisque
1207 2277 1374 2331 cordi
1422 2281 1561 2331 sunt
1587 2318 1602 2347 ,
1654 2277 1963 2348 Babylonii
2011 2279 2272 2332 maxime
2323 2277 2387 2332 in

421 2367 626 2422 vinum
654 2370 711 2421 et
737 2380 869 2437 quoe
897 2365 1239 2420 ebrietatem
1277 2368 1606 2436 sequuntur
1644 2364 1823 2433 effusi
1859 2369 2019 2421 sunt.
2061 2367 2224 2422 Inter
2261 2368 2386 2421 haee

419 2454 645 2525 flagitia
675 2456 972 2509 exereitus
1000 2453 1099 2507 ille
1130 2453 1387 2507 domitor
1418 2453 1580 2507 Asiae
1608 2468 1716 2523 per
1744 2472 1933 2508 xxxm
1973 2454 2103 2508 dies
2144 2455 2383 2525 sagina-

419 2546 534 2613 tuS,
565 2544 638 2599 ad
667 2560 757 2610 ea,
787 2559 917 2614 quae
958 2542 1376 2612 sequebantur,
1418 2542 1761 2598 discrimina
1801 2544 1955 2598 haud
1992 2544 2175 2599 dubie
2214 2544 2384 2599 debi-

415 2629 533 2685 lior
561 2631 796 2686 futurus
825 2631 935 2686 fuit
954 2631 1015 2698 ⁸⁸,
1044 2631 1098 2684 si
1126 2631 1356 2685 hostem
1381 2630 1702 2686 habuisset.

489 2717 764 2775 Ceterum
802 2736 916 2791 quo
956 2720 1154 2775 minus
1191 2719 1467 2774 damnum
1502 2720 1778 2789 sentiret,
1827 2720 2150 2776 identidem
2190 2722 2380 2775 inore·

416 2814 613 2863 mento
642 2809 1063 2865 renovabatur.
1103 2808 1373 2878 Namque
1403 2809 1690 2879 Amyntas
1718 2808 2133 2865 Andromeni⁸⁴
2164 2810 2240 2864 ab
2270 2809 2383 2864 An-

417 2897 629 2967 tipatro
649 2898 691 2925 ⁸⁸
720 2898 1103 2953 Macedonum
1140 2897 1403 2969 peditum
1432 2914 1493 2949 v1
1521 2898 1708 2952 millia
1735 2897 1994 2965 adduxit,
2028 2914 2064 2950 n
2095 2902 2383 2968 praeterea

464 3047 540 3092 28.
572 3047 752 3092 Patiens
781 3051 913 3092 terrae
939 3052 985 3092 et
1014 3048 1221 3101 humoris,
1248 3059 1418 3103 propre
1448 3045 1475 3090 a
1503 3052 1748 3102 supper-ter
1767 3047 1823 3093 de
1844 3047 1890 3092 la
1910 3052 2033 3091 terre
2062 3053 2112 3092 et
2145 3050 2206 3094 de
2235 3049 2379 3095 l'eau.

463 3110 536 3158 29.
570 3107 727 3165 Syriae,
747 3109 1030 3154 n‘est-Mire
1058 3110 1274 3165 Assyriae.

461 3173 536 3217 30.
573 3172 745 3226 Reaem,
763 3172 1240 3231 Nabu-Kudur-uour,
1270 3173 1403 3216 selon
1429 3172 1618 3219 Berose.

463 3236 551 3282 31.
576 3234 817 3289 compulit,
840 3245 956 3278 avoc
974 3235 1201 3279 l'infinitit‘
1223 3247 1284 3279 en
1298 3247 1453 3290 prose,
1482 3236 1601 3279 n'est
1631 3247 1711 3290 pas
1729 3236 1785 3280 de
1814 3236 1858 3278 la
1885 3247 2002 3290 pure
2033 3235 2224 3292 epoque
2253 3236 2386 3282 clas-

408 3296 911 3413 ⁸³33⁶·G522:³2²⁴2⁶25,³‘„'2‘
927 3307 1074 3415 §2353
1093 3298 1743 3415 {mitrati-{ttssss’
1773 3299 1924 3350 M·
1954 3302 2026 3353 '¹¹’
2053 3301 2175 3356 ⁸⁶⁰³·

460 3425 534 3470 33.
566 3422 760 3466 Futurus
779 3422 892 3476 suit.
922 3422 992 3468 cf.
1025 3426 1097 3472 111.
1118 3435 1179 3472 iv,
1209 3423 1377 3467 notess.
1600 3373 1633 3417 p

459 3487 534 3530 34.
568 3485 779 3539 Amyntas
806 3485 1090 3528 Andromeni·
1124 3485 1296 3538 Ellipse
1316 3484 1372 3529 de
1400 3486 1554 3540 filius.

459 3549 536 3595 35.
569 3547 635 3591 Ab
664 3546 923 3602 Antipatro,
941 3545 1057 3590 dela
1078 3552 1179 3600 part
1206 3547 1286 3591 de.

2495 552 2500 735 4

2491 746 2501 1011 l
