2517 3975
289 437 356 491 27

288 973 356 1027 28

287 1150 355 1205 29

287 1506 358 1560 30

289 1596 348 1650 31

287 1951 355 2007 32

285 2489 356 2546 33

413 221 521 277 230
610 220 616 228 '
1176 239 1230 284 Q.
1274 238 1442 277 cmm
1481 237 1617 275 aur-1

413 348 635 419 pingue
673 346 860 403 crebri
910 346 1104 403 sontes
1145 348 1377 417 rigant:
1430 362 1561 416 quae
1605 346 1842 400 mitiora
1886 348 2044 414 sunt,
2087 345 2326 399 frumento

412 438 832 501 conseruntur,
878 444 1072 491 cetera
1119 440 1520 490 armentorum
1571 437 1785 506 pabulo
1826 436 2060 489 cedunt.
2107 434 2332 504 Magnam

413 528 622 581 deinde
650 531 878 598 partem
898 528 1168 597 ejusdem
1190 532 1367 581 terrae
1388 527 1621 580 steriles
1638 543 1834 581 arenae
1857 527 2088 581 tenent:
2114 522 2337 594 squalida

412 617 675 670 siccitate
715 616 883 687 regio
925 631 1043 670 non
1084 616 1399 677 hominem,
1434 631 1553 668 non
1595 615 1878 687 frugem²⁴
1908 615 2029 668 alit.
2065 614 2201 668 Cum
2224 625 2336 665 vero

409 706 571 760 venti
611 722 641 758 a
688 706 936 759 Pontico
986 706 1135 758 mari
1183 706 1434 776 spirant,
1485 704 1765 775 quidquid
1815 704 2010 758 sabuli
2060 705 2119 756 in
2160 703 2339 771 campis

406 796 586 866 jacet,
607 799 974 849 converrunt
1001 813 1013 848 ε
1046 795 1197 862 quod
1235 795 1333 848 ubi
1365 795 1716 847 cumulatum
1751 797 1859 858 cst,
1887 808 2225 865 magnorum
2251 789 2340 844 col-

412 885 557 939 lium
588 886 787 954 procul
818 884 1053 954 species
1092 889 1202 950 est,
1240 885 1556 954 omniaque
1594 884 1831 953 pristini
1862 885 2097 937 itineris
2125 881 2340 950 vestigia

411 975 723 1029 intereunt.
759 973 959 1043 Itaque
990 975 1086 1043 qui
1122 976 1434 1027 transeunt
1460 989 1719 1043 campOS‚
1744 973 2153 1044 navigantium
2183 970 2339 1035 mode,

412 1069 586 1120 noctu
617 1064 812 1117 sidera
844 1062 1191 1128 observant,
1228 1063 1301 1116 ad
1341 1078 1595 1134 quorum
1636 1078 1877 1116 cursum
1923 1063 2037 1116 iter
2077 1060 2339 1132 dirigunt:

412 1156 468 1207 et
508 1152 938 1221 propemodum
984 1152 1203 1206 clarior
1248 1155 1339 1206 est
1376 1153 1566 1206 noctis
1596 1152 1802 1206 umbra
1833 1167 2010 1220 quam
2041 1152 2144 1205 lux
2170 1170 2187 1223 :-
2209 1149 2342 1223 [ergo

411 1240 669 1294 interdiu
702 1241 865 1293 invia
904 1243 996 1295 est
1026 1241 1216 1312 regiO,
1241 1242 1380 1311 quia
1410 1257 1519 1295 nec
1552 1241 1895 1311 vestigium,
1926 1239 2088 1309 quod
2119 1252 2341 1307 sequan-

411 1332 524 1393 tur,
579 1329 908 1397 inveniunt,
961 1333 1018 1384 et
1071 1331 1226 1384 nitor
1282 1329 1599 1385 siderum¹³
1642 1329 1898 1400 caligine
1940 1321 2342 1395 absconditum]

410 1420 684 1477 Ceterum
722 1423 775 1474 si
806 1437 954 1492 quos
983 1421 1083 1475 ille
1114 1426 1353 1490 ventuS,
1377 1423 1481 1494 qui
1508 1439 1539 1475 a
1568 1424 1720 1475 mari
1744 1421 2030 1486 exoritur,
2053 1419 2347 1491 deprehen-

411 1511 514 1578 dit,
562 1526 739 1565 arena
789 1511 1012 1565 obruit.
1064 1509 1179 1565 Sed
1219 1527 1334 1581 qua
1372 1512 1570 1566 mitior
1607 1514 1770 1564 terra
1807 1514 1917 1578 est,
1945 1510 2162 1580 ingens
2189 1506 2345 1562 homi-

412 1615 552 1655 num
615 1615 1019 1671 equorumque
1084 1600 1397 1654 multitudo
1466 1601 1760 1673 gignitur.
1828 1600 2025 1670 Itaque
2084 1594 2343 1654 Bactriani

412 1688 641 1758 equites
669 1704 792 1740 xxx
822 1686 1004 1740 millia
1037 1687 1441 1757 expleverant.
1475 1687 1608 1757 Ipsa
1639 1687 1919 1753 Bactra²⁶‚
1945 1687 2214 1757 regionis
2239 1682 2343 1754 ejus

412 1780 604 1848 caput.
637 1777 750 1830 sita
801 1779 942 1830 sunt
986 1776 1097 1831 sub
1151 1781 1352 1831 monte
1390 1777 1799 1848 Parapamiso.
1852 1776 2154 1831 Bactrus²⁷
2181 1771 2341 1828 amnis

411 1865 674 1935 praeterit
703 1865 939 1918 moenia.
973 1864 1032 1918 Is
1071 1864 1205 1918 urbi
1238 1866 1294 1918 et
1322 1867 1562 1936 regioni
1588 1864 1749 1919 dedit
1780 1881 2017 1919 nomen.

484 1954 594 2008 Hic
631 1953 760 2027 regi
790 1951 1003 2008 stativa
1032 1952 1275 2008 habenti
1305 1954 1610 2008 nuntiatur
1640 1968 1714 2009 ex
1744 1953 1974 2010 Graecia
2005 1954 2340 2026 Peloponne-

410 2045 635 2099 siorum
668 2044 1093 2113 Laconumque
1115 2043 1420 2099 desectio²⁸
1444 2074 1504 2086 -—
1532 2044 1795 2098 nondum
1824 2047 1984 2099 enim
2013 2045 2157 2099 victi
2186 2040 2341 2105 erant,

410 2137 544 2188 curii
572 2132 1090 2203 proficiscerentur
1137 2134 1424 2188 tumultus
1464 2134 1596 2205 ejus
1623 2134 1921 2205 principia
1951 2132 2265 2188 nuntiaturi
2287 2155 2342 2169 -

411 2225 464 2277 et
495 2223 647 2276 alius
678 2237 949 2292 praesens
995 2224 1191 2275 terror
1219 2220 1484 2289 affertur,
1515 2223 1782 2293 Scythas,
1817 2225 1918 2295 qui
1949 2225 2103 2278 ultra
2133 2218 2341 2276 Tanaim

412 2329 645 2367 amnem
673 2312 895 2380 colunt,
927 2312 1271 2382 adventare,
1305 2312 1493 2367 Besso
1522 2312 1778 2367 ferentes
1808 2329 2003 2382 opem.

480 2402 702 2457 Eodem
740 2405 1027 2471 ternpore,
1059 2417 1190 2472 quae
1230 2402 1294 2455 in
1332 2406 1505 2474 gente
1535 2403 1811 2457 Ariorum
1850 2402 2117 2458 Caranus
2153 2404 2206 2457 et
2230 2397 2341 2453 Eri-

408 2491 640 2565 gyius'⁹
681 2493 1023 2561 gesserant,
1073 2492 1463 2559 perferuntur.
1502 2492 1901 2546 Commissum
1942 2495 2067 2548 erat
2106 2490 2340 2562 proelium

408 2583 562 2637 inter
587 2581 936 2644 Macedonas
963 2579 1278 2653 Ariosque.
1304 2580 1638 2653 Transfuga
1664 2581 2078 2638 Satibarzanes
2105 2576 2341 2636 barbaris

460 2831 528 2875 24.
558 2829 757 2885 fraqam,
777 2830 1013 2886 singulier
1031 2841 1092 2873 au
1112 2840 1224 2874 sens
1244 2830 1470 2876 collectis.

460 2894 533 2938 25.
569 2893 771 2937 Siderum
795 2895 933 2939 nitor.
964 2894 1001 2936 ll
1020 2904 1079 2936 ne
1097 2893 1228 2947 s’agit
1251 2903 1342 2948 que
1374 2892 1435 2936 du
1460 2893 1614 2937 soleii.

458 2956 532 2999 26.
558 2956 738 3000 Bactra.
772 2971 799 2996 «
821 2956 982 3008 Balkh‚
1011 2956 1090 3011 qui
1115 2955 1186 2999 fut
1206 2957 1244 2996 si
1275 2955 1479 2999 tamense
1500 2956 1622 3010 jadis
1651 2966 1761 3000 sous
1781 2956 1824 2999 le
1845 2968 1952 3000 nom
1973 2958 2030 3001 de
2050 2961 2243 3009 Bactros,
2268 2953 2341 2996 &la

406 3019 493 3063 fois
523 3030 701 3062 comme
731 3019 927 3073 capitale
959 3018 1183 3073 d’empire
1212 3023 1260 3060 et
1291 3028 1470 3061 comme
1510 3019 1620 3061 vitle
1649 3020 1812 3069 sainte,
1841 3019 1885 3061 la
1913 3020 2006 3064 cite
2034 3022 2145 3066 daus
2171 3015 2340 3073 laquelle

409 3080 581 3137 precha
600 3085 858 3134 zoroastre,
885 3083 929 3124 le
958 3080 1082 3134 foyer
1112 3080 1234 3124 dela
1265 3079 1547 3123 civilisation
1569 3081 1833 3136 hellenique
1861 3082 1999 3133 apres
2028 3081 2279 3130 Alexandra.
2302 3081 2338 3119 et

411 3144 516 3198 ptus
542 3143 641 3186 tard
667 3143 759 3186 l'un
791 3143 873 3187 des
892 3148 1073 3187 centres
1098 3144 1155 3187 de
1178 3145 1222 3186 la
1252 3142 1449 3196 religion
1480 3141 1771 3193 bouddhiste,
1803 3144 1924 3187 n‘est
1963 3145 2065 3198 plus
2088 3144 2341 3190 maimonem

410 3206 486 3260 qu'
491 3215 580 3247 une
601 3206 773 3258 grande
804 3207 953 3250 ruine.
985 3208 1073 3249 Sur
1101 3217 1164 3249 un
1186 3216 1357 3259 espace
1387 3205 1550 3248 evalue
1578 3204 1605 3247 a
1629 3206 1734 3259 ptus
1765 3206 1821 3250 de
1843 3210 1997 3250 trente
2021 3207 2268 3252 kitometres
2295 3200 2339 3243 de

408 3274 531 3317 tour,
550 3279 608 3309 on
637 3277 696 3309 ne
726 3269 818 3310 voit
848 3279 938 3322 que
966 3269 1049 3313 des
1087 3273 1434 3313 entassements
1476 3268 1534 3312 de
1563 3266 1769 3326 briques¹
1802 3268 1858 3314 de
1887 3269 2028 3318 tuiles
2060 3268 2277 3317 amaillees
2299 3265 2338 3305 οἱ

407 3330 608 3375 d’autres
635 3328 978 3375 decembres.»
1003 3330 1195 3386 (Rectus,
1228 3335 1297 3385 Vl,
1323 3330 1446 3403 485.)

460 3394 533 3436 27.
569 3392 778 3436 Bactrus.
803 3395 930 3437 cette
962 3395 1101 3447 petite
1122 3395 1302 3443 riviere
1322 3393 1551 3449 quicoule
1582 3393 1644 3438 du
1666 3396 1716 3440 8.
1751 3405 1808 3440 au
1837 3398 1891 3442 N.
1878 3425 1914 3449 .,
1936 3402 2063 3452 porte
2076 3391 2251 3451 aujourd
2254 3385 2331 3432 ’hui

405 3456 449 3500 le
478 3466 589 3500 nom
617 3453 675 3498 de
696 3454 863 3498 riviare
893 3455 948 3498 de
968 3455 1107 3498 Balkh
1128 3467 1185 3500 ou
1210 3456 1383 3504 Dehas.

457 3517 532 3565 28.
566 3516 778 3569 Desa-ctio
813 3516 1040 3567 cf.v1,1.

460 3578 537 3623 29.
572 3577 773 3621 Caranus
799 3579 846 3621 ee
867 3546 1101 3633 firmine,
1124 3590 1221 3635 que
1244 3593 1363 3632 nous
1392 3593 1542 3630 avons
1567 3594 1656 3630 vus
1675 3583 1839 3641 partit,
1870 3588 1960 3641 vu,
1992 3589 2109 3639 um

2441 1604 2454 1869 ἐ
