2517 3975
660 231 1051 271 ms‘romAnuu
1087 232 1423 275 aunuum
1461 238 1542 291 ix,
1581 240 1637 277 x.
2031 225 2127 280 351

158 338 329 393 vivis
367 352 542 409 quam
578 338 991 395 cadaveribuS.
1030 339 1116 395 Ac
1152 356 1230 396 ne
1271 342 1466 398 levius
1502 344 1737 416 quidem
1766 348 1915 420 aegri
1962 352 2134 420 sequi

156 428 441 498 poterant
473 443 485 481 z
518 427 736 498 quippe
764 442 980 499 agmen
1009 429 1224 499 raptim
1268 431 1575 502 agebatur,
1616 429 1840 489 tantum
1878 435 2135 508 singulis

158 517 239 571 ad
266 531 441 586 spem
468 516 682 570 salutis
713 516 882 587 ipsos
902 516 943 544 ¹⁸
966 515 1257 587 proficere
1292 519 1690 589 credentibuS,
1723 528 2004 593 quantum
2042 524 2137 577 iti-

158 604 335 666 neris
373 603 705 659 festinando
738 603 1150 675 praeciperent.
1188 607 1398 680 Igitur,
1433 610 1533 678 qui
1571 609 1928 679 defecerant,
1962 615 2136 670 notos

158 698 535 768 ignotosque,
559 698 619 749 ut
644 695 1061 763 allevarentur,
1088 698 1337 753 orabant
1362 716 1374 752 ι
1402 698 1505 753 sed
1528 700 1917 771 necjumenta
1945 691 2133 758 erant,

161 784 386 857 quibus
416 784 609 853 excipi
634 787 901 855 possent,
934 788 993 839 et
1018 786 1193 841 miles
1214 787 1257 820 ¹⁴
1288 788 1389 841 vix
1421 804 1584 844 arma
1611 791 1902 859 portabat,
1945 792 2137 848 immi·-

161 874 481 944 nentisque
511 875 569 928 et
599 873 751 943 ipsis
768 873 809 901 ¹⁸
837 872 1023 930 facies
1053 876 1191 929 mali
1222 880 1353 931 ante
1385 876 1590 933 oculos
1609 881 1753 936 erat.
1788 879 1976 952 Ergo,
2014 896 2134 936 sae-

160 962 305 1033 pius
358 960 649 1031 revocati,
701 975 774 1016 ne
818 962 1122 1032 respicere
1171 964 1408 1033 quidem
1461 981 1610 1020 suos
1668 966 2130 1037 sustinebant-¹⁸,

162 1050 574 1105 misericordia
613 1050 674 1103 in
711 1048 1089 1105 formidinem
1117 1067 1318 1108 versa.
1349 1054 1460 1121 Illi,
1491 1055 1702 1125 relicti,
1744 1056 1887 1111 deos
1926 1060 2132 1124 testea,

165 1141 224 1195 et
269 1154 441 1194 sacra
484 1139 832 1206 communia,
873 1140 1154 1211 regisque
1200 1141 1592 1211 implorabant
1634 1160 1851 1215 opem:
1885 1161 2136 1216 cumque

164 1228 386 1283 frustra
438 1226 651 1280 surdas
704 1242 884 1281 aures
936 1227 1288 1299 fatigarent,
1338 1229 1401 1282 in
1447 1230 1675 1285 rabiem
1723 1231 2137 1303 desperatione

164 1332 364 1382 versa,
397 1331 598 1387 parem
628 1331 737 1370 suo
771 1316 995 1371 exitum
1022 1316 1411 1386 similesque
1398 1319 1548 1387 ipsis
1579 1320 1802 1374 amicos
1839 1325 1897 1376 et
1932 1325 2139 1377 contu-

162 1405 445 1461 bernales
472 1405 889 1475 precabantur.
917 1405 1067 1471 Rex,
1100 1405 1305 1459 dolore
1336 1406 1517 1460 simul
1546 1422 1613 1460 ac
1643 1409 1866 1477 pudore
1901 1412 2135 1473 anxius,

168 1496 306 1567 quia
353 1509 534 1549 causa
581 1497 755 1547 tantae
799 1493 986 1548 cladis
1035 1495 1165 1565 ipse
1215 1499 1375 1549 esset
1402 1496 1461 1560 ¹³,
1508 1496 1579 1548 ad
1632 1497 2134 1566 Phrataphernen,

166 1583 612 1654 Parthyaeorum
642 1582 964 1653 satrapen*
968 1623 983 1649 ‚
1017 1583 1195 1647 misit,
1230 1583 1333 1653 qui
1367 1583 1645 1654 juberent
1683 1586 1924 1640 camelis
1972 1591 2138 1641 cocta

167 1671 385 1728 cibaria
433 1669 647 1737 afferri,
684 1671 952 1742 aliosque
999 1671 1384 1727 finitimarum
1426 1674 1736 1746 regionum
1784 1673 2138 1744 praefectos*

165 1762 454 1817 certiores
485 1760 865 1815 necessitatis
895 1777 1022 1815 suae
1053 1761 1211 1819 fecit.

241 1849 364 1904 Nec
383 1853 676 1904 cessatum
697 1852 789 1904 est
809 1850 879 1904 ab
899 1849 1010 1904 bis.
1038 1850 1257 1922 Itaque,
1283 1851 1433 1905 fame
1454 1852 1755 1905 dumtaxat
1774 1851 2131 1923 vindicatus,

169 1939 466 1995 exercitus
511 1937 745 1992 tandem
795 1939 854 1992 in
900 1937 1205 1994 Cedrosiae
1253 1938 1405 1994 fines
1446 1940 1806 2011 perducitur.
1855 1940 2128 1996 Omnium

165 2044 369 2083 rerum
398 2027 569 2097 copia
598 2027 810 2082 fertilis
838 2028 1006 2098 regio
1048 2030 1170 2083 est:
1202 2029 1265 2082 in
1295 2045 1410 2099 qua
1440 2030 1653 2083 stativa
1684 2029 1906 2095 habuit,
1939 2033 2001 2083 ut
2029 2045 2137 2084 ve-

165 2121 341 2173 xatos
373 2116 588 2170 milites
620 2117 814 2185 quiete
846 2116 1125 2171 firmaret.
1160 2117 1268 2171 Hic
1300 2118 1591 2172 Leonnati
1627 2118 1852 2172 litteras
1892 2121 2132 2189 accepit,

165 2207 512 2264 conflixisse
533 2206 572 2232 ¹⁸
605 2208 799 2276 ipsum
828 2222 961 2260 cum
990 2223 1095 2260 vm
1123 2206 1390 2260 millibus
1416 2207 1676 2276 peditum
1705 2211 1761 2260 et
1793 2223 1934 2262 cccc
1965 2208 2138 2279 equi-

162 2297 325 2352 tibus
354 2293 672 2361 Oritarum,
692 2311 980 2365 prospero
1014 2298 1246 2350 eventu.
1272 2296 1319 2348 A
1353 2294 1597 2350 Cratero
1627 2312 1860 2367 quoque
1894 2296 2137 2351 nuntius

161 2385 354 2449 venit,
401 2382 621 2438 Ozinen
663 2386 717 2439 et
757 2383 1101 2454 Zariaspen,
1146 2384 1420 2439 nobilis¹⁹
1460 2384 1694 2455 Persas,
1745 2384 2137 2441 defectionem

158 2476 507 2542 molienteS,
539 2488 861 2544 oppressos
890 2489 922 2526 a
952 2489 1039 2540 se,
1072 2474 1133 2527 in
1160 2474 1417 2528 vinculis
1449 2489 1604 2532 esse.

233 2563 569 2632 Praeposito
600 2563 781 2633 igitur
809 2562 1038 2633 regioni
1068 2560 1331 2633 Sibyrtio
1354 2592 1423 2602 -—
1443 2578 1692 2632 namque
1720 2563 1957 2627 Menon,
1987 2579 2138 2634 prae-

157 2653 366 2709 fectus
385 2652 406 2671 *
436 2651 590 2722 ejus,
616 2666 805 2722 nuper
824 2651 1123 2705 interierat
1149 2652 1356 2707 morbo
1377 2652 1526 2705 —in
1554 2651 1925 2706 Carmaniam
1944 2652 1984 2679 ¹⁰
2003 2653 2136 2724 ipse

222 2883 295 2924 13.
327 2877 447 2938 Ipsos
474 2887 590 2930 pour
608 2888 671 2919 se.

219 2936 297 2977 14.
328 2930 471 2984 Blitea,
503 2930 735 2984 singulier
757 2928 1413 2986 collectif.cl’.1¹1,1‚not08.

223 2999 300 3039 15.
334 2993 465 3046 Ipsis,
487 3004 545 3035 au
575 2992 759 3045 plui-iel.
790 3004 813 3034 s
817 2991 1081 3037 'accordant
1110 3005 1222 3038 avec
1252 2993 1391 3038 lidee
1412 2993 1469 3037 de
1497 2993 1717 3048 plui-alite
1744 2996 2004 3041 rentermee
2023 3000 2136 3045 dans

167 3058 321 3103 miles.
353 3057 397 3098 C'
401 3059 470 3097 est
498 3055 543 3097 la
568 3054 714 3107 figure
737 3054 928 3108 appelee
952 3056 1169 3110 syllepse.
1201 3057 1270 3100 Cl’.
1300 3061 1371 3108 111,
1392 3068 1457 3107 xi,
1481 3060 1589 3100 note
1605 3062 1680 3102 29.

223 3122 295 3162 16.
328 3116 625 3167 Sustinebant,
646 3127 760 3159 avec
787 3116 1025 3160 l'infinitit'.
1049 3118 1119 3161 Gt.
1147 3123 1216 3171 lv,
1246 3131 1312 3172 iv,
1332 3124 1439 3162 note
1462 3121 1526 3160 11.

225 3186 301 3228 17.
339 3179 465 3231 Quia,
496 3190 609 3221 avec
639 3177 682 3221 le
716 3178 985 3234 subjonctir,
1021 3180 1219 3225 l’auteur
1265 3178 1584 3235 n‘exprimant
1622 3191 1705 3235 pas
1736 3191 1789 3225 sa
1817 3192 1984 3240 propre
2009 3183 2135 3230 ideo.

88 3236 95 3243 ’
170 3245 241 3289 cf.
269 3246 337 3294 lv,
369 3254 401 3294 ι,
426 3247 532 3284 note
550 3246 597 3285 8.

226 3310 295 3350 18.
328 3303 608 3356 conflictare.
640 3306 721 3347 Cet
748 3302 941 3346 infinitis
963 3308 1037 3347 est
1062 3301 1225 3348 amane
1258 3314 1342 3360 par
1376 3303 1511 3353 l'idee
1537 3306 1596 3350 de
1613 3305 1727 3358 dire,
1752 3318 1983 3363 annoneer,
2010 3320 2140 3354 com-

169 3369 302 3424 prise
334 3366 449 3408 dans
479 3365 661 3408 litteras
690 3365 875 3420 accepit.

227 3432 301 3474 19.
338 3426 525 3470 Nobilis.
549 3427 632 3478 Cf„
654 3439 733 3470 sur
757 3433 833 3471 cet
850 3427 1084 3471 accusatif
1102 3439 1161 3470 en
1191 3428 1248 3481 is,
1280 3431 1351 3479 ΙΙΙ,
1379 3439 1464 3480 111,
1484 3433 1594 3472 note
1618 3433 1660 3472 4.

225 3493 300 3535 20.
329 3492 401 3533 La.
433 3488 663 3532 Carmania
690 3495 763 3532 est
790 3491 834 3532 le
864 3501 973 3544 pays
999 3489 1056 3533 de
1086 3490 1214 3534 cctes
1232 3489 1313 3545 qui
1334 3490 1418 3535 tait
1435 3491 1559 3535 suite
1598 3491 1624 3535 a
1657 3493 1703 3537 la
1723 3492 1956 3546 Gedrosis,
1986 3498 2035 3535 et
2059 3494 2139 3547 qui

172 3561 450 3598 commence
471 3562 577 3597 vers
596 3551 786 3595 l'entree
807 3553 866 3595 du
889 3552 1010 3607 golfe
1031 3552 1264 3608 Persique.
1294 3555 1356 3596 Le
1393 3555 1549 3608 rivago
1581 3559 1654 3598 est
1676 3555 1843 3606 chaud,
1864 3552 2136 3604 lintei-iem,

2194 617 2264 671 15

2193 1056 2263 1112 16

2195 1409 2261 1463 17

2192 1854 2263 1909 18

2193 2122 2265 2178 19

2191 2562 2267 2617 20
