2517 3975
631 251 1018 291 msromamm
1057 251 1416 302 acumem,
1454 253 1514 302 x,
1556 253 1613 291 v.
2007 235 2110 289 367

138 363 407 427 beratus,
435 360 679 434 fatigata
717 359 979 416 membra
1022 360 1252 430 rejecit.
1293 358 1664 431 Propiusque
1715 359 1876 415 adire
1920 361 2114 433 jussis
2168 360 2203 414 4

140 450 355 508 amicis
380 479 451 493 --
486 466 623 504 nam
669 456 723 504 et
764 453 883 503 vox
932 448 1185 503 deficere
1228 450 1352 518 jam
1399 451 1654 519 coeperat
1681 479 1753 491 —
1794 449 2115 505 detractum

140 540 388 596 anulum
425 538 610 610 digito
642 537 976 592 Perdiccae⁶
1002 536 1254 604 tradidit,
1290 536 1538 608 adjectis
1566 538 1860 593 mandatis
1889 540 1953 592 ut
1980 554 2116 593 cor-

138 646 258 702 pus
302 644 477 682 suum
506 628 580 681 ad
611 628 995 681 Hammonem
1017 627 1039 648 *
1077 626 1219 681 ferri
1252 626 1554 697 juberent.
1585 627 2118 699 Quaerentibusque
2171 626 2209 682 5

138 720 239 775 his
267 718 365 778 cui
391 718 753 788 relinqueret
779 731 1052 789 regnum,
1084 718 1393 787 respondit
1424 735 1436 772 :
1466 739 1488 764 «ι
1524 716 1598 771 Ei
1639 718 1739 790 qui
1767 721 1928 772 esset
1975 717 2120 789 opti-

138 824 279 864 mus
312 824 326 861 ς
367 811 626 863 ceterum
663 805 982 876 providere
1019 805 1143 877 jam
1181 822 1268 874 se,
1302 807 1377 860 ob
1413 806 1475 860 id
1525 809 1815 861 certamen
1862 822 2119 878 magnos

136 896 423 954 funebres
450 893 661 948 ludos*
680 895 877 964 parari
895 894 1012 949 sibi
1037 917 1083 949 n.
1110 894 1346 949 Rursus
1374 894 1657 949 Perdicca
1686 894 2114 965 interrogante,
2171 893 2210 948 6

138 985 382 1059 quando
428 984 698 1038 caelestes
744 983 1000 1038 honores
1044 983 1251 1038 haberi
1300 983 1417 1037 sibi
1461 984 1657 1054 vellet,
1698 984 1881 1039 dixit:
1921 1006 1943 1035 ι
1968 984 2117 1038 Tum

139 1076 319 1140 velle,
351 1088 484 1129 cum
512 1074 629 1142 ipsi
657 1071 860 1127 felices
890 1074 1094 1126 essent
1125 1093 1174 1126 υ.
1222 1072 1507 1142 Suprema
1552 1073 1681 1127 haec
1715 1089 1836 1135 vox
1882 1072 1990 1127 fuit
2016 1073 2118 1145 [re-

141 1166 265 1238 gie,
307 1165 364 1218 et
389 1162 562 1233 paulo
591 1162 727 1232 post
755 1159 1169 1233 exstinguitur.

216 1254 305 1307 Ac
350 1252 544 1321 primo
584 1250 820 1320 ploratu
872 1249 1260 1320 lamentisque
1310 1252 1369 1303 et
1421 1250 1756 1320 planctibus
1797 1253 1919 1307 tota
1955 1252 2120 1324 regia
2174 1248 2207 1303 7

140 1340 546 1414 personabat:
591 1354 750 1405 mox,
801 1338 964 1392 velut
1011 1338 1073 1391 in
1117 1345 1285 1392 vasta
1325 1338 1664 1406 solitudine,
1717 1341 1916 1395 omnia
1961 1341 2122 1395 tristi

142 1429 390 1487 silentio
436 1431 596 1483 muta
639 1429 971 1498 torpebant,
1017 1428 1091 1481 ad
1138 1428 1529 1498 cogitationes
1576 1429 1980 1501 quid'deinde
2025 1429 2122 1484 fu-

140 1524 348 1576 turum
376 1521 533 1574 esset
573 1518 777 1572 dolore
806 1532 1119 1571 converso.
1143 1516 1394 1571 Nobiles
1421 1518 1650 1587 pueri*,
1679 1519 1965 1573 custodiae
1993 1536 2122 1574 cor·
2172 1519 2210 1573 8

140 1606 358 1680 poris*
389 1606 523 1678 ejus
552 1605 794 1673 assueti,
827 1620 938 1659 nec
976 1605 1197 1659 doloris
1225 1605 1690 1677 magnitudinem
1718 1622 1929 1677 capere
1945 1607 1985 1676 ²,
2015 1624 2124 1663 nec

146 1715 216 1755 se
245 1698 415 1768 ipsos
446 1697 598 1749 intra
627 1694 983 1749 vestibulum
1016 1694 1198 1766 regiae
1225 1698 1425 1750 tenere
1451 1697 1766 1765 potuerunt
1791 1710 1804 1749 :
1843 1696 2119 1769 vagique,

140 1791 203 1843 et
229 1785 569 1840 furentibus
598 1783 843 1850 simileS,
877 1784 1095 1837 tautam
1124 1782 1334 1837 urbem
1364 1784 1523 1838 luctu
1554 1800 1620 1839 ac
1660 1799 1920 1839 maerore
1963 1800 2123 1839 com·

138 1877 474 1950 pleverant,
509 1873 690 1928 nullis
721 1872 1034 1944 questibus
1065 1872 1334 1941 omissis,
1368 1889 1520 1945 quos
1548 1873 1610 1928 in
1640 1873 1741 1928 tali
1769 1890 1912 1928 casu
1954 1873 2124 1928 dolor

136 1965 439 2038 suggerit.
493 1961 656 2036 Ergo
701 1962 802 2033 qui
852 1963 1019 2016 extra
1065 1962 1295 2032 regiam
1344 1963 1722 2031 ademerant,
1775 1963 2124 2018 Macedones
2177 1962 2213 2022 9

139 2056 370 2128 pariter
398 2053 774 2123 barbarique,
810 2054 1187 2120 concurrunt,
1225 2068 1331 2106 nec
1359 2055 1631 2122 poterant
1674 2052 1817 2108 victi
1861 2069 1895 2107 a
1941 2054 2126 2108 victo-

137 2145 317 2201 ribus
352 2142 412 2197 in
441 2141 739 2197 communi
791 2141 993 2195 dolore
1038 2140 1322 2196 discerni.
1363 2143 1570 2196 Persae
1607 2141 2016 2213 justissimum
2059 2158 2127 2197 ac

140 2232 530 2290 mitissimum
558 2231 883 2301 dominum,
929 2229 1285 2285 Macedones
1326 2231 1611 2300 optimum
1640 2247 1709 2285 ac
1736 2230 2128 2286 fortissimum

140 2339 350 2396 regem
380 2323 749 2386 invocantes,
765 2322 1063 2375 certamen
1093 2320 1386 2391 quoddam
1412 2322 1687 2375 maeroris
1709 2321 1980 2376 edebant.
2006 2322 2129 2377 Nee
2185 2319 2253 2375 10

144 2415 493 2471 maestorum
537 2411 752 2476 solum,
787 2409 893 2464 sed
929 2411 1106 2463 etiam
1144 2410 1580 2482 indignantium
1608 2425 1792 2465 voces
1831 2411 2120 2467 exaudie-

144 2504 368 2557 bantur
394 2502 546 2555 :tam
565 2499 817 2553 viridem
828 2499 867 2568 ⁸,
893 2500 949 2554 et
980 2499 1040 2552 in
1067 2498 1212 2553 flore
1233 2499 1426 2553 aetatis
1451 2498 1843 2571 fortunaeque,
1868 2498 2123 2554 invidia⁰

144 2593 327 2647 deum
365 2592 631 2659 ereptum
670 2603 806 2642 esse
844 2587 1028 2642 rebus
1066 2587 1366 2642 humaniS.
1408 2589 1596 2660 Vigor
1632 2588 1787 2661 ejuS,
1821 2591 1879 2644 et
1914 2588 2119 2643 vultus

146 2680 466 2738 educentis
492 2679 554 2732 in
581 2678 853 2748 proelium
883 2677 1124 2743 militeS,
1152 2677 1485 2732 obsidentis
1516 2677 1714 2748 urbes,
1738 2677 2042 2733 evadentis
2064 2678 2128 2732 in

143 2786 374 2840 muros,
397 2768 584 2824 fortes
612 2769 779 2823 viros
808 2783 917 2838 pro
949 2767 1224 2822 contione
1255 2767 1552 2834 donantiS,
1577 2769 1964 2823 occurrebant
1982 2783 2115 2823 ocu-

145 2861 243 2915 lis.
276 2859 430 2913 Tum
456 2855 803 2912 Macedones
832 2855 1073 2911 divinos
1101 2855 1361 2910 honores
1390 2871 1649 2927 negasse
1679 2862 1734 2911 ei
1769 2856 2108 2927 paenitebat,
2184 2855 2247 2910 11

145 2949 486 3020 impiosque
517 2949 575 3000 et
599 2946 875 3017 ingratos
918 2944 1113 2999 fuisse
1156 2960 1223 2999 se
1259 2943 1709 3011 confitebantur,
1742 2946 1898 3018 quod
1935 2961 2113 3001 aures

197 3165 241 3209 6.
272 3161 511 3208 Perdiccae
540 3164 619 3204 eut
634 3170 699 3203 un
719 3156 869 3214 grand
897 3158 1087 3212 pouvoir
1113 3167 1223 3201 sous
1245 3157 1294 3201 le
1317 3166 1593 3202 successeur
1621 3157 1920 3202 d’Alexandre
1945 3170 2004 3202 en
2031 3161 2128 3202 lla-

146 3224 359 3277 cedoine,
385 3223 590 3278 Philipps
607 3220 846 3265 Arrhidee.
876 3219 989 3264 Mais
1016 3232 1067 3263 sa
1091 3219 1342 3272 puissance
1362 3220 1516 3263 excita
1536 3222 1580 3262 la
1610 3221 1806 3265 'alousie
1826 3221 2126 3278 d'Antipater‚

148 3290 205 3334 de
231 3287 424 3333 cratere
461 3290 508 3329 et
542 3284 599 3328 de
632 3282 865 3327 Ptolemee
896 3283 974 3339 qui
1002 3281 1067 3325 lui
1100 3283 1240 3326 flrent
1264 3283 1309 3324 la
1353 3293 1540 3336 guerre.
1623 3284 1828 3327 erdiccas
1853 3285 2040 3329 marcha
2066 3296 2126 3328 en

147 3355 330 3407 Egypte
367 3353 523 3392 contre
569 3344 814 3390 Ptolemee.
853 3344 892 3389 n
933 3344 1000 3388 fut
1042 3344 1200 3397 defait,
1236 3349 1285 3388 et
1326 3345 1508 3389 ensuite
1553 3344 1632 3388 tue
1678 3356 1762 3400 par
1817 3357 1895 3391 ses
1932 3357 2122 3403 propt-es

149 3414 331 3458 soldats
358 3412 452 3464 (321
486 3422 556 3453 av.
595 3408 768 3463 J.-C.).

201 3472 244 3511 7.
280 3465 460 3519 Capera,
482 3467 743 3517 supporter,
775 3465 849 3505 est
876 3461 1111 3516 poetique.

201 3535 244 3576 8.
282 3526 479 3572 Viridem
501 3525 716 3568 hominem
742 3528 815 3567 est
844 3522 1080 3580 poetique.

198 3597 249 3640 9.
285 3587 476 3643 Invidia,
503 3589 549 3631 la
575 3585 780 3631 Nemesis
799 3586 840 3634 *.
864 3609 918 3620 —
946 3587 1096 3642 Deum,
1125 3597 1206 3631 sur
1222 3597 1279 3630 ce
1307 3585 1488 3640 genitis,
1520 3587 1585 3632 cr.
1609 3587 1678 3640 lv,
1710 3598 1771 3638 vr,
1798 3591 1906 3629 note
1931 3590 1974 3629 5.
