2517 3975
343 1017 373 1072 ..ι

431 249 534 305 192
1190 263 1248 311 Q.
1289 263 1464 304 cmm
1499 265 1635 303 nnn

1223 522 1477 580 CAPUT
1515 522 1647 578 VIII

1052 693 1377 742 Arrestation
1410 692 1475 741 de
1516 693 1768 745 Philotae.

1210 836 1473 891 (Autome,
1489 835 1615 889 330.)

502 1017 805 1072 Advocato
847 1020 971 1071 tum
1022 1015 1270 1071 consilio
1319 1017 1645 1071 amicorum
1662 1017 1708 1082 *,
1745 1018 1843 1072 cui
1888 1019 2088 1072 tamen
2132 1016 2352 1072 Philotas

435 1106 732 1162 adhibitus
768 1121 889 1160 non
919 1107 1031 1170 est..
1072 1105 1498 1160 Nicomachum
1535 1105 1831 1160 introduci
1852 1105 2046 1177 jubet.
2081 1106 2140 1161 Is
2167 1106 2354 1168 eadem,

433 1211 567 1267 quae
604 1194 894 1249 detulerat
919 1194 1104 1249 frater
1133 1194 1207 1248 ad
1232 1210 1454 1267 regem,
1499 1196 1703 1249 ordine
1733 1195 2031 1265 exposuit.
2076 1195 2214 1249 Erat
2240 1193 2354 1248 Cra-

432 1288 598 1340 terus
624 1285 755 1356 regi
785 1299 960 1339 carus
988 1284 1050 1337 in
1075 1285 1281 1353 paucis
1299 1285 1340 1350 ¹,
1360 1286 1420 1339 et
1455 1300 1526 1339 eo
1554 1283 1819 1354 Philotae,
1856 1285 1930 1338 ob
1960 1284 2357 1338 aemulationem

433 1372 761 1444 dignitatis,
795 1373 1081 1428 adversus
1114 1391 1128 1429 ε
1160 1387 1350 1443 neque
1379 1373 1694 1442 ignorabat
1729 1388 1887 1445 saepe
1930 1368 2250 1428 Aleitandri
2281 1386 2357 1423 au-

431 1461 603 1517 ribus
633 1462 813 1516 nimia
833 1462 1155 1534 jactatione
1183 1463 1421 1516 virtutis
1448 1465 1620 1533 atque
1651 1477 1850 1533 operae
1878 1477 2126 1533 gravem
2154 1458 2357 1524 fuisse‘‚

436 1554 493 1605 et
521 1551 595 1605 ob
625 1567 712 1617 ea,
747 1567 869 1605 non
897 1550 1137 1622 quidem
1167 1550 1430 1617 sceleris,
1463 1549 1568 1605 sed
1599 1553 1984 1606 contumaciae
2016 1554 2211 1607 tamen
2253 1561 2360 1603 esse

435 1644 804 1710 suspectum.
843 1640 977 1694 Non
1007 1639 1180 1693 aliam
1209 1639 1555 1710 premendi⁸
1591 1640 1818 1694 inimici
1868 1641 2236 1695 occasionem
2276 1651 2359 1706 ap-

434 1729 647 1783 tiorem
676 1727 933 1782 futuram
950 1730 1138 1797 ratus,
1169 1727 1305 1782 odio
1337 1742 1446 1781 suo
1473 1728 1715 1798 pietatis
1742 1727 2075 1798 praeferens
2105 1727 2359 1798 speciem:

442 1837 465 1865 c
508 1815 768 1885 Utinam,
810 1815 1021 1886 inquit,
1051 1815 1114 1868 in
1141 1814 1437 1886 principio
1467 1830 1701 1886 quoque
1738 1815 1921 1887 hujus
1945 1815 2037 1869 rei
2084 1814 2362 1870 nobiscum

435 1905 835 1960 deliberasses
859 1905 872 1957 1
919 1903 1357 1971 SuasissemuS,
1408 1904 1463 1958 si
1518 1903 1765 1958 Philotae
1820 1903 2003 1959 velles
2052 1905 2360 1975 ignoscere,

436 1991 728 2062 patereris
756 1991 958 2060 potius
987 1991 1271 2062 ignorare
1299 2006 1433 2045 eum
1462 1992 1745 2062 quantum
1773 1991 2012 2047 deberet
2038 1991 2170 2060 tibi,
2214 2000 2362 2060 quam
2459 2047 2462 2068 Η

422 2087 625 2153 ‘usque
662 2079 738 2135 ad
773 2080 983 2135 mortis
1009 2081 1227 2134 metum
1254 2078 1568 2134 adductum
1596 2095 1845 2152 cogeres
1881 2080 2106 2150 saepius
2134 2079 2204 2135 de
2232 2075 2365 2147 peri-

435 2170 568 2224 culo
607 2183 741 2235 suo,
777 2183 952 2238 quam
980 2167 1052 2223 de
1092 2171 1191 2222 tuo
1220 2168 1519 2240 cogitare⁴
1546 2167 1857 2223 beneficio.
1886 2168 1991 2223 Ille
2037 2168 2194 2223 enim
2232 2178 2364 2220 sem-

434 2272 544 2330 per
568 2257 840 2312 insidiari
885 2256 993 2310 tibi
1037 2256 1276 2326 poterit,
1320 2257 1389 2309 tu
1435 2271 1556 2310 non
1587 2270 1824 2326 semper
1866 2255 2119 2311 Philotae
2161 2250 2362 2327 poteris

435 2346 774 2418 ignoscere.
813 2344 936 2400 Nec
965 2347 1061 2399 est
1086 2344 1245 2415 quod
1274 2344 1578 2399 existimes
1619 2360 1775 2414 eum,
1806 2345 1908 2415 qui
1954 2347 2177 2399 tantum
2209 2354 2365 2398 ausus

436 2436 546 2501 est,
577 2434 752 2489 venia
786 2448 968 2504 posse
997 2432 1231 2487 mutari.
1273 2430 1397 2486 Scit
1424 2447 1551 2497 coe,
1600 2432 1703 2501 qui
1745 2431 2213 2487 misericordiam
2244 2444 2367 2484 con-

437 2526 839 2594 sumpserunt,
875 2522 1130 2592 amplius
1161 2534 1406 2593 sperare
1424 2521 1446 2547 ⁸
1469 2536 1590 2575 non
1618 2536 1821 2591 posse.
1865 2520 1941 2575 At
1987 2536 2125 2593 ego,
2164 2515 2367 2576 etiamsi

435 2611 566 2683 ipse
602 2613 699 2668 vel
727 2610 1061 2684 paenitentia
1098 2611 1196 2665 vel
1223 2610 1511 2665 beneflcio
1541 2614 1638 2664 tuo
1666 2609 1859 2666 victus
1879 2609 2188 2681 *quiescere
2217 2605 2366 2667 volet,

437 2703 663 2771 patrem
693 2701 826 2774 eJus
851 2701 1303 2755 Parmenionem
1319 2699 1362 2771 ⁸,
1391 2699 1537 2754 tanti
1567 2698 1774 2753 ducem
1803 2699 2119 2764 exercitUS‚
2151 2699 2205 2753 et
2229 2697 2368 2749 inve-

436 2791 624 2844 terata
677 2791 827 2861 apud
871 2790 1091 2844 milites
1150 2804 1291 2843 suos
1345 2786 1706 2854 auctoritate,
1751 2787 1909 2841 haud
1948 2787 2193 2841 multum
2233 2781 2366 2837 infra

438 2876 865 2947 magnitudinis
895 2887 1011 2933 tuae
1036 2876 1345 2948 fastigium
1373 2876 1653 2946 positum,
1685 2874 1811 2930 scio
1841 2890 1963 2929 non
1999 2890 2167 2945 aequo
2193 2870 2366 2926 animo

439 2966 689 3022 salutem
717 2966 824 3022 filii
850 2968 948 3022 sui
985 2966 1323 3023 debiturum
1358 2964 1487 3019 tibi.
1516 2961 1797 3027 Quaedam
1824 2962 2109 3027 beneficia
2137 2962 2362 3017 odimus·

490 3153 609 3194 vm.
641 3172 692 3183 —
716 3152 764 3197 1.
798 3151 849 3196 Iu
869 3153 1029 3207 paucis
1067 3162 1246 3197 comme
1273 3150 1392 3195 inter
1426 3160 1604 3206 paucos.
1639 3149 1691 3194 In
1731 3153 1805 3193 est
1844 3148 2062 3206 employe
2100 3160 2178 3204 par
2213 3143 2365 3198 (ὶΰῑῦῒθ

437 3217 587 3258 curce
614 3212 730 3256 dan·
755 3213 799 3257 le
819 3226 928 3258 sens
948 3215 1005 3258 de
1034 3216 1174 3264 inter.

490 3280 535 3319 Ξ.
565 3274 739 3324 Fumo,
769 3276 934 3330 ellipse
960 3276 1023 3320 du
1042 3278 1165 3331 eujet
1193 3288 1309 3323 eum,

490 3340 538 3382 3.
570 3336 808 3380 Premendi
825 3348 1002 3380 comme
1019 3339 1313 3393 opprimendi.

493 3408 540 3446 4.
575 3399 792 3453 θυρέων-ε,
817 3398 980 3453 ellipse
999 3400 1059 3444 du
1085 3403 1210 3455 sujet
1227 3413 1344 3447 enm.

392 3491 401 3502 .
490 3469 536 3509 5.
570 3461 774 3516 Sperat-e,
800 3462 1029 3506 entendez
1046 3473 1226 3516 sperare
1250 3461 1633 3509 misericordiam.

442 3528 540 3636 (νὶὶ.
571 3521 918 3636 Ρανηίιὲῗίοκεηι.
953 3524 988 3565 11
1016 3522 1127 3566 etait
1155 3535 1214 3566 en
1247 3524 1414 3568 Medic.
1451 3524 1555 3568 Tum
1581 3525 1734 3570 Hediae
1760 3525 2014 3581 maana'eqw
2040 3523 2170 3579 copiis
2192 3516 2366 3576 pmcn!

517 3615 531 3637 ,
557 3593 658 3632 vm,
754 3612 769 3629 .
