2517 3975
328 424 397 479 18

330 602 400 657 19

329 1046 400 1102 20

328 2110 399 2166 23

450 211 555 269 140
1212 230 1270 275 Q.
1312 229 1480 271 eun-1⁸1
1517 231 1654 270 num

449 335 801 393 sententiam
832 338 889 393 et
917 336 1237 408 desperare
1265 339 1748 405 misericordiam,
1783 338 1922 409 quia
1955 338 2080 409 ipse
2111 337 2267 394 alteri
2292 336 2377 392 de·

450 426 773 498 negaturus
803 426 907 480 sit.
943 426 1121 494 DeoS,
1154 428 1313 498 quod
1341 428 1457 498 ipsi
1486 443 1807 499 numquam
1826 432 2026 498 optare
2043 426 2376 491 ausiforent,

452 513 671 569 offerre
710 531 722 567 :
765 516 1032 587 patriam,
1067 515 1382 586 conjugeS,
1420 516 1648 572 liberos
1707 520 1784 584 et,
1828 517 2108 587 quidquid
2137 515 2376 570 homines

452 602 548 657 vel
590 602 759 657 vita²¹²
801 604 1097 658 aestimant
1125 604 1220 659 vel
1268 608 1457 660 morte
1505 605 1820 660 redimunt.
1861 603 2014 669 Quin
2058 605 2142 659 illi
2184 620 2252 658 ex
2284 604 2376 657 hoc

453 705 692 746 carcere
729 694 1150 762 erumperent?
1180 688 1361 748 alium
1405 694 1564 749 domi
1592 709 1728 750 esse
1758 694 1888 749 caeli
1905 693 2193 761 haustum,
2224 694 2375 746 alium

451 779 605 834 lucis
632 784 953 852 aspectum.
991 781 1211 848 MoreS,
1244 797 1438 852 sacra,
1479 782 1698 855 linguae
1727 782 2147 838 commercium
2174 781 2328 836 etiam
2350 791 2377 829 a

451 869 729 926 barbaris
789 870 984 942 expeti
1035 889 1048 925 z
1105 886 1236 940 quae
1293 872 1552 945 ingenita
1618 871 1734 941 ipsi
1795 871 2079 926 omissuri
2131 871 2242 926 sint
2290 884 2377 923 sua

453 961 679 1028 sponte,
716 973 837 1013 non
866 959 942 1014 ob
981 959 1138 1014 aliud
1181 963 1301 1014 tam
1348 960 1699 1028 calamitosi,
1741 975 1915 1030 quam
1955 960 2113 1030 quod
2154 960 2259 1014 illis
2295 972 2374 1011 ca-

453 1045 639 1099 rere'⁸
666 1045 857 1101 coacti
892 1050 1112 1102 essent.
1145 1046 1223 1103 Se
1268 1051 1427 1102 certe
1469 1034 1802 1102 rediturum
1836 1048 1907 1101 ad
1952 1047 2233 1119 penates*
2258 1051 2306 1101 et
2329 1045 2377 1097 in

452 1133 724 1204 patriam,
755 1137 1037 1208 tantoque
1066 1135 1354 1191 beneficio
1385 1137 1549 1209 regis
1589 1152 1839 1192 usurum
1873 1154 1886 1190 :
1931 1138 1987 1192 si
2026 1152 2172 1209 quos
2199 1137 2374 1190 contu-

451 1221 699 1277 bernii²⁴
718 1223 739 1244 *
771 1223 1230 1295 liberorumque,
1259 1241 1410 1297 quos
1440 1226 1699 1282 servitus
1732 1226 2034 1298 coegisset
2072 1237 2375 1299 agnoscere,

452 1326 617 1365 amor
661 1311 969 1382 detineret,
1018 1314 1422 1385 relinquerent
1477 1315 1747 1386 quibus-⁸⁸
1794 1314 1942 1370 nihil
1990 1318 2176 1388 patria
2212 1312 2377 1368 carius

453 1404 564 1457 est.
603 1423 625 1450 n

523 1488 705 1543 Pauci
736 1488 915 1561 hujus
944 1493 1255 1548 sententiae
1288 1491 1451 1547 fuere
1486 1510 1500 1547 z
1533 1495 1765 1549 ceteros
1795 1493 2182 1558 consuetudo,
2206 1492 2377 1544 natura

450 1578 647 1649 potior
668 1578 728 1647 ¹²⁸,
759 1580 920 1635 vicit.
953 1579 1402 1647 Consenserunt
1448 1583 1763 1652 petendum
1807 1597 1943 1636 esse
1980 1598 2014 1637 a
2042 1597 2198 1654 rege,
2226 1581 2281 1633 ut
2301 1574 2379 1629 ali·

453 1679 629 1735 quam
654 1667 805 1737 ipsis
852 1668 1202 1725 attribueret
1232 1670 1452 1725 sedem.
1501 1687 1535 1726 c
1574 1671 1644 1725 ad
1690 1669 1800 1725 hoc
1849 1670 2022 1726 electi
2053 1673 2225 1725 sunt:
2252 1678 2377 1738 quos

450 1755 786 1810 Alexander
827 1759 1015 1824 ratuS,
1049 1759 1206 1827 quod
1236 1760 1370 1830 ipse
1397 1763 1683 1829 praestare
1721 1759 2048 1830 cogitabat,
2081 1761 2338 1829 petituros
2366 1767 2376 1801 :

457 1864 481 1892 α
513 1842 806 1912 Jumenta,
839 1845 1050 1916 inquit,
1084 1849 1409 1918 assignari,
1443 1863 1572 1918 quae
1616 1864 1725 1903 vos
1758 1847 2066 1918 veherent,
2114 1852 2168 1903 et
2202 1847 2378 1913 singu-

451 1931 529 1987 lis
549 1935 816 1988 vestrum
840 1934 1068 1990 millia⁸⁷
1089 1935 1448 1990 denarium⁸⁸
1466 1935 1482 1956 ·
1516 1936 1643 1991 dari
1664 1935 1851 2007 jussi.
1875 1933 2025 1991 Cum
2046 1932 2316 1991 redieritis
2329 1927 2374 1980 in

452 2021 756 2089 Graeciam,
787 2024 1084 2093 praestabo
1128 2040 1202 2079 ne
1242 2025 1398 2094 qui’⁰
1429 2026 1643 2079 statum
1683 2040 1878 2094 suum,
1914 2026 1969 2079 si
2014 2026 2138 2080 haec
2175 2016 2374 2078 calami-

451 2114 543 2167 tas
588 2112 814 2179 absitffl,
855 2115 1060 2168 vestro
1096 2114 1298 2168 credat
1326 2128 1464 2169 esse
1502 2113 1828 2169 meliorem.
1858 2136 1880 2162 ι»
1932 2113 2049 2179 Illi,
2080 2111 2289 2168 obortis
2310 2107 2375 2159 la-

452 2200 672 2269 crimis,
705 2203 924 2256 terram
953 2202 1353 2271 intuebantur,
1385 2217 1495 2258 nec
1522 2205 1623 2257 aut
1653 2202 1884 2274 erigere
1911 2203 2112 2259 vultus
2139 2204 2230 2258 aut
2248 2192 2374 2266 loqui

502 2434 577 2479 22.
612 2435 730 2489 Vita,
760 2433 925 2477 ablatis
943 2433 1001 2477 de
1024 2432 1149 2487 prix.

503 2497 576 2543 23.
613 2497 790 2550 Carere,
809 2495 1021 2552 negation
1048 2495 1106 2540 de
1130 2494 1309 2541 habere.
1356 2494 1519 2539 Carere
1541 2494 1671 2546 febri,
1702 2494 1800 2539 etre
1822 2507 1930 2539 sans
1952 2495 2096 2540 fievre
2120 2493 2252 2549 (Cic.‚
2268 2489 2375 2536 Fam-⁹

450 2561 558 2616 XVI,
583 2560 666 2614 15).
695 2559 854 2603 Carere
875 2557 1144 2613 suspicione,
1169 2557 1268 2602 etre
1290 2557 1315 2601 a
1341 2557 1471 2601 l'abri
1491 2558 1552 2601 du
1578 2568 1782 2611 soupcon
1803 2559 1943 2612 (Cic.,
1964 2558 2114 2612 Rosa,
2135 2557 2270 2600 Amor.
2297 2549 2371 2602 ²0)-

449 2624 505 2664 Et
526 2632 582 2664 au
617 2633 726 2666 sens
763 2620 937 2665 dei-ive.
969 2620 1125 2665 Gar-uit
1159 2621 1261 2675 soro
1285 2624 1440 2675 postea
1483 2617 1730 2675 Pompeius,
1772 2619 1920 2663 caruit
1960 2624 2131 2673 senatu,
2163 2615 2291 2662 caruit
2309 2620 2374 2665 1²⁸·

451 2683 585 2726 blico.
604 2683 639 2726 11
665 2695 723 2727 ne
751 2688 886 2738 parut
909 2682 955 2726 ui
983 2695 1042 2726 au
1063 2681 1226 2735 forum,
1251 2682 1300 2725 ni
1328 2694 1388 2726 au
1413 2680 1567 2733 senat,
1586 2682 1633 2725 ni
1657 2692 1716 2725 en
1738 2681 1899 2735 public
1917 2682 2059 2736 (Cic.,
2089 2681 2197 2734 uu„
2216 2671 2371 2728 v11,18)·

455 2744 686 2800 Voluptate
707 2746 851 2789 virtus
877 2756 993 2801 expe
1015 2748 1155 2796 caret,
1189 2755 1403 2800 nunquam
1434 2744 1625 2797 taddaei.
1659 2747 1719 2787 La
1747 2748 1878 2789 vertu
1908 2754 2113 2788 renonce
2136 2740 2312 2787 souvent
2332 2742 2377 2777 au

449 2806 631 2862 plaisir,
656 2807 744 2851 elle
768 2808 874 2852 n'en
903 2819 930 2852 a
949 2808 1114 2863 Jamais
1142 2806 1307 2851 besoin
1336 2808 1489 2861 (Sem,
1519 2807 1618 2850 Vita
1640 2807 1795 2859 Beata,
1820 2809 1908 2861 vn,
1932 2805 1994 2861 2).

502 2870 575 2915 24.
611 2870 914 2925 contubernii,
937 2870 1139 2924 mariage
1160 2875 1295 2914 entre
1319 2869 1560 2913 esclaves.

501 2932 573 2977 25.
612 2932 788 2988 Quibus,
816 2934 981 2987 ellipse
1004 2932 1061 2976 de
1084 2931 1394 2976 l’antecedent
1424 2930 1477 2975 ii.

502 2994 574 3039 26.
605 2995 756 3038 Potior
777 2996 892 3039 dans
920 2996 963 3038 le
985 3006 1092 3039 sens
1117 2995 1174 3038 de
1195 2995 1452 3050 potentior.

501 3060 576 3102 m.
604 3056 806 3110 sinantia
833 3061 1025 3101 vestrum
1053 3057 1205 3101 millia
1245 3056 1497 3101 denarium.
1526 3056 1672 3100 ninia
1705 3068 1763 3099 au
1803 3057 1972 3110 pluriel
2001 3057 2029 3100 a
2056 3064 2195 3102 cause
2217 3051 2272 3096 du
2293 3056 2379 3092 sens

450 3116 722 3171 distributit',
747 3128 926 3161 comme
945 3118 1061 3161 dans
1084 3118 1347 3162 Tite-Livc.
1376 3117 1657 3172 Stipendium
1676 3121 1896 3171 praeterea
1921 3118 1980 3161 iis
2004 3116 2205 3169 coloniis,
2230 3112 2271 3156 in
2295 3106 2381 3154 nit·

451 3180 643 3224 iiaoeris
665 3190 789 3222 aene-5
812 3179 1030 3235 rimatos,
1060 3179 1295 3235 imperari.
1325 3184 1391 3223 Un
1417 3191 1470 3223 as
1489 3190 1571 3235 par
1595 3179 1722 3223 mille
1750 3181 1915 3234 (xxix,
1937 3182 2029 3235 15„

502 3246 574 3287 28.
611 3242 864 3294 Denarium,
889 3252 971 3285 sur
995 3254 1049 3286 ce
1074 3241 1255 3298 genitis,
1280 3242 1346 3288 cf.
1376 3246 1449 3293 111.
1472 3254 1575 3298 xm,
1601 3247 1708 3285 note
1734 3242 1802 3286 13.

501 3308 578 3349 29.
607 3305 669 3348 Ne
699 3303 777 3358 qui
802 3303 969 3348 credat.
1013 3304 1113 3359 Qui,
1158 3304 1366 3359 employe
1390 3316 1571 3350 comme
1598 3305 1715 3359 quie,
1757 3316 1809 3348 se
1849 3309 2009 3350 trouve
2047 3305 2159 3349 dans
2199 3299 2321 3345 Cesar
2342 3297 2376 3335 01

451 3367 663 3412 ciceron.
692 3365 743 3409 Si
770 3367 846 3420 qni
871 3367 1072 3420 araviore
1095 3369 1277 3411 vulnere
1295 3372 1473 3421 accepto
1497 3379 1605 3423 equo
1629 3369 1871 3412 deciderat.
1902 3370 1947 3413 si
1976 3370 2222 3423 quelqu·un
2245 3369 2378 3416 grave‘

451 3435 577 3473 ment
593 3428 747 3474 blesse
776 3428 887 3472 etait
913 3428 1065 3472 tomba
1092 3428 1150 3472 de
1173 3430 1339 3472 cheval
1367 3431 1525 3483 (cmm.
1556 3430 1679 3475 Bell.
1709 3430 1847 3484 Gall„
1872 3434 1906 3486 1,
1930 3429 2021 3485 ⁴8).
2045 3452 2093 3461 -
2117 3429 2178 3473 Nc
2198 3426 2267 3482 qui
2283 3422 2379 3476 [Νη

451 3495 591 3548 putet.
622 3495 740 3534 Pour
763 3493 898 3547 qu'on
923 3502 979 3533 ne
1008 3502 1152 3544 pense
1178 3503 1260 3545 pas
1286 3491 1426 3549 (Cic.,
1452 3493 1512 3536 De
1541 3493 1684 3548 Orat.,
1702 3497 1737 3547 1,
1766 3506 1815 3545 n,
1839 3496 1902 3551 ¹1).

504 3555 579 3600 30.
612 3552 665 3597 Si
686 3553 777 3597 ltoee
798 3552 1033 3597 calamitas
1057 3552 1192 3596 absit.
1218 3555 1334 3597 saur
1350 3561 1478 3600 voti-e
1498 3557 1821 3603 malheureuse
1850 3556 2088 3603 infirmita.
