2517 3975
217 841 287 896 29

218 1107 287 1162 30

216 1283 278 1337 31

212 1634 282 1690 32

240 2950 275 3004 2

341 272 410 328 82
1108 288 1163 333 Q.
1204 288 1377 328 curm
1411 287 1551 326 amn

341 394 701 452 excederet*
739 397 813 450 ad
861 397 1025 452 dece.
1056 396 1362 453 Sacrificio
1391 397 1599 453 deinde
1628 392 1802 463 facto,
1836 397 1989 450 dona
2018 399 2075 451 et
2104 410 2318 453 sacer-

341 484 579 539 dotibus
607 492 663 539 et
691 485 803 540 deo
832 486 964 540 data
996 490 1156 554 sunt,
1186 489 1670 557 permissumque
1694 485 1904 539 amicis
1932 488 1995 538 ut
2023 485 2142 554 ipsi
2171 501 2321 556 quo—

342 588 457 644 que
485 575 861 630 consulerent
888 575 1119 630 Jovem.
1153 576 1317 629 Nihil
1349 575 1602 645 amplius
1626 575 1991 643 quaesierunt
2028 588 2202 643 quam
2242 589 2321 629 an

340 664 545 717 auctor
584 666 742 718 esset
788 663 906 718 sibi
955 664 1177 718 divinis
1223 664 1557 719 honoribus
1586 663 1820 717 colendi
1868 677 2041 716 suum
2085 677 2317 735 regem.

342 751 474 806 Hoc
510 768 738 823 quoque
779 756 1082 821 acceptum
1112 752 1244 808 fore
1281 752 1423 808 Jovi
1460 762 1629 807 vates
1660 751 2043 820 respondent.

411 839 567 895 Vera
596 845 651 895 et
679 841 909 895 salubri
948 841 1337 895 aestimatione
1380 839 1656 910 pensanti
1689 838 1866 892 fidem
1906 840 2132 893 oraculi
2158 856 2323 895 vam

339 928 607 999 profecto
644 944 939 1000 responsa
976 929 1032 984 ei
1066 930 1259 984 videri
1299 930 1636 998 potuissent
1666 945 1679 980 :
1713 927 1822 982 sed
1864 927 2119 995 fortuna,
2162 944 2323 998 quos

340 1018 448 1072 uni
492 1017 612 1073 sibi
660 1017 904 1072 credere
963 1018 1175 1089 coegit,
1226 1034 1446 1089 magna
1501 1033 1578 1071 ex
1627 1019 1793 1086 parte
1840 1016 2050 1070 avidos
2104 1016 2323 1087 gloriae

341 1106 534 1175 magis
563 1120 738 1174 quam
767 1121 1015 1174 capaces
1045 1105 1204 1160 facit.
1238 1105 1410 1160 Jovis
1445 1105 1631 1176 igitur
1659 1104 1844 1158 fllium
1876 1119 1941 1158 se
1969 1120 2090 1158 non
2120 1104 2322 1159 solnm

341 1192 625 1262 appellari
652 1208 869 1262 passus
914 1195 1023 1264 est,
1060 1194 1167 1249 sed
1197 1194 1375 1248 etiam
1416 1192 1620 1265 jussit,
1652 1207 1972 1262 rerumque
2010 1194 2323 1263 gestarum

341 1281 574 1349 famam,
625 1281 762 1336 dum
819 1298 1039 1353 aug-eze
1086 1283 1211 1336 vult
1267 1282 1367 1336 tali
1423 1281 1839 1352 appellatione,
1901 1281 2192 1351 corrupit.
2244 1279 2323 1336 Et

341 1370 708 1437 Macedones,
752 1372 976 1425 assueti
1026 1372 1264 1440 quidem
1311 1371 1481 1441 regio
1533 1370 1805 1439 imperio,
1845 1369 1948 1423 sed
1988 1370 2048 1422 in
2084 1367 2323 1441 majore

338 1458 632 1514 libertatis
685 1460 897 1513 umbra
936 1459 978 1487 ⁴⁰
1031 1476 1206 1530 quam
1263 1463 1469 1515 ceterae
1527 1461 1767 1529 genteS,
1819 1457 2322 1513 immortalitatem

340 1548 713 1604 affectantem
743 1549 1149 1603 contumacius
1177 1564 1354 1618 quam
1384 1549 1484 1603 aut
1507 1548 1664 1618 ipsis
1693 1545 2037 1617 expediebat
2065 1550 2168 1601 aut
2185 1548 2320 1619 regi

339 1638 599 1692 aversati
637 1640 795 1690 sunt.
829 1636 941 1690 Sed
982 1637 1107 1691 haec
1137 1653 1247 1692 suo
1289 1652 1528 1708 quaeque
1570 1635 1830 1706 tempori
1870 1639 2265 1691 reserventur
2302 1656 2319 1691 ε

339 1741 495 1779 nunc
524 1728 717 1780 cetera
745 1727 992 1795 exsequi
1020 1741 1287 1798 pergam.

1098 1982 1348 2040 CAPUT
1407 1984 1537 2038 VIII
1575 2024 1580 2030 .

646 2133 938 2183 Fondation
970 2133 1360 2184 d’Alexandrie.
1401 2161 1465 2171 —
1496 2136 1693 2183 Retour
1732 2149 1797 2184 en
1840 2135 1992 2197 Syrie

911 2220 961 2262 et
994 2217 1202 2263 marche
1235 2228 1360 2263 vers
1392 2214 1716 2277 l’Euphrate.

1094 2345 1271 2401 (Hiver,
1301 2345 1532 2401 aas-³³1.)

403 2503 757 2572 Alexander,
788 2505 860 2559 ab
899 2505 1228 2560 Hammone
1269 2505 1534 2571 rediens,
1572 2504 1650 2560 ad'
1688 2505 1978 2561 Mareotin
2004 2504 2311 2575 paludem,

332 2591 488 2645 haud
516 2594 723 2661 procul
766 2593 962 2647 insula
1006 2592 1229 2647 Pharo¹
1272 2594 1468 2661 sitam,
1500 2594 1685 2647 venit.
1714 2593 2159 2663 Contemplatus
2186 2593 2314 2649 loci

331 2682 623 2745 naturam,
666 2682 923 2750 primum
970 2681 1031 2736 in
1089 2682 1218 2752 ipsa
1273 2682 1470 2736 insula
1535 2685 1817 2736 statuerat
1860 2681 2060 2737 urbem
2088 2697 2313 2736 novam

332 2767 616 2838 condere;
642 2769 784 2823 inde
814 2773 873 2823 ut
903 2770 1178 2840 apparuit
1206 2785 1435 2842 magnae
1464 2770 1628 2824 sedis
1657 2770 1913 2824 insulam
1941 2769 2096 2824 haud
2129 2785 2315 2840 capa-

331 2870 458 2910 cem
480 2870 637 2922 esse,
669 2855 1000 2926 elegiturbi
1027 2857 1244 2925 locum,
1285 2858 1388 2918 ubi
1424 2874 1580 2911 nunc
1626 2861 1719 2911 est
1747 2857 2163 2925 Alexandria²,
2204 2876 2315 2929 ap·

329 2942 709 3020 pellationem
745 2945 985 3000 trahens
1020 2962 1087 3002 ex
1136 2948 1380 3000 nomine
1429 2948 1714 3002 auctoris,
1747 2945 2108 3017 Complexus
2138 2947 2313 3017 quid-

330 3030 471 3104 quid
501 3032 618 3086 soli
645 3034 739 3087 est
784 3033 943 3088 inter
978 3034 1252 3104 paludem
1290 3050 1357 3089 ac
1385 3050 1566 3102 mare,
1602 3035 1905 3107 octoginta
1933 3034 2202 3090 stadioru

378 3231 451 3276 39.
487 3232 630 3276 Donec
657 3232 904 3277 excederet.
929 3234 992 3277 Ici
1018 3235 1069 3277 le
1095 3235 1353 3290 subjonctir
1368 3240 1444 3280 est
1470 3234 1497 3278 e
1518 3247 1571 3280 sa
1597 3236 1744 3291 place.
1766 3235 1836 3282 εἰ.
1869 3241 1976 3280 note
1993 3238 2020 3280 ³
2058 3273 2071 3283 .

379 3293 456 3338 ho.
491 3295 742 3338 Libertatis
765 3296 918 3338 umbra
946 3300 1018 3338 est
1040 3297 1277 3351 poetique.

379 3360 496 3403 vlu.
518 3357 637 3402 —1.
660 3357 827 3402 Pharo.
868 3357 975 3399 L'ile
1009 3357 1066 3401 de
1096 3359 1265 3402 Pharos
1293 3360 1379 3412 fut,
1417 3370 1502 3403 sur
1535 3360 1704 3404 l'ordre
1739 3360 2062 3416 d'Alexandre,
2103 3362 2216 3404 unic
2243 3373 2304 3406 a·

326 3419 566 3464 continent
586 3431 669 3473 par
695 3430 759 3463 un
788 3418 909 3461 mole
926 3423 973 3461 et
998 3419 1142 3461 forma
1162 3421 1281 3464 ainsi
1308 3423 1375 3464 les
1394 3421 1515 3465 deux
1543 3427 1671 3476 ports
1692 3423 2027 3467 d'Alexaudrie.

377 3482 424 3526 2.
460 3481 748 3525 Alexandria.
777 3481 874 3524 Elle
893 3481 963 3523 sut
993 3482 1252 3525 construite
1282 3494 1368 3526 sur
1393 3485 1436 3525 la
1466 3485 1638 3538 langue
1666 3484 1724 3526 de
1754 3490 1878 3528 ωηο
1907 3486 2055 3528 situee
2092 3490 2232 3530 entre
2259 3485 2305 3530 le

325 3542 398 3586 lac
426 3543 638 3587 Mareotis
661 3548 709 3587 et
746 3541 791 3585 la
808 3540 1156 3586 mediterraneo.
1187 3545 1433 3600 Plutarque
1460 3556 1579 3591 nous
1622 3552 1816 3591 raconte
1837 3547 2122 3604 (Alexandra,
2153 3549 2229 3604 36)
2257 3551 2303 3591 la

326 3602 588 3651 ceremonie
618 3606 674 3650 de
703 3606 748 3648 la
766 3603 1022 3648 fondation.
