2517 3975
338 1706 363 1759 1

337 1883 370 1937 [Θ

338 2418 372 2560 Οἲιῦῠ·

1189 672 1503 741 LIBER
1565 673 1630 740 X

1112 1183 1367 1240 CAPUT
1408 1181 1714 1240 PRIMUM

710 1330 942 1381 Severitd
989 1331 1351 1382 d⁰Alexandre.
1389 1359 1452 1370 —-
1490 1334 1687 1382 Retour
1735 1333 1800 1381 de
1847 1332 2117 1397 Nearque.

750 1424 753 1428 ’
1015 1436 1067 1449 --
1104 1413 1235 1462 Mise
1272 1413 1301 1462 a
1333 1419 1470 1466 mort
1505 1413 1799 1470 d’OrsineS,

1201 1543 1376 1597 (Hiver,
1403 1544 1624 1600 325-324.)

497 1702 725 1756 Isdem¹
758 1701 882 1757 fere
915 1702 1145 1771 diebuS,
1178 1701 1468 1758 Cleander
1484 1707 1541 1757 et
1560 1702 1830 1772 SitalceS,
1851 1706 1907 1757 et
1936 1719 2068 1758 cum
2090 1702 2359 1777 Agathone

428 1791 720 1855 Heracon,
754 1793 1205 1860 superveniunt,
1239 1792 1342 1861 qui
1388 1792 1839 1846 Parmenionem
1875 1792 2054 1861 jussu
2096 1793 2254 1864 regis
2280 1803 2359 1843 oc·

427 1879 746 1935 eiderant’.
777 1896 816 1931 v
846 1879 1028 1932 millia
1056 1880 1321 1949 peditum
1356 1895 1488 1933 cum
1527 1879 1826 1952 equitibus
1858 1872 2035 1946 mille,
2073 1882 2183 1934 sed
2211 1882 2260 1933 et
2283 1891 2355 1929 ac-

428 1970 732 2024 cusatores
773 1983 877 2023 eos
916 1983 948 2023 e
995 1969 1323 2039 provincia,
1371 1969 1464 2024 cui
1512 1969 1896 2041 praefuerant,
1954 1970 2355 2040 sequebantur:

426 2074 535 2113 nec
564 2060 645 2111 tot
673 2058 954 2125 facinora,
981 2063 1121 2129 quot
1149 2059 1531 2124 admiserant,
1557 2074 1946 2129 compensare
1975 2063 2243 2128 poterant
2268 2070 2357 2108 cae·

429 2146 523 2201 dis
551 2162 826 2217 perquam
856 2150 1038 2218 gratae
1069 2148 1200 2217 regi
1229 2147 1577 2201 ministerio⁸
1611 2145 1838 2216 Quippe
1868 2163 1995 2200 cum
2030 2149 2226 2201 omnia
2250 2156 2359 2215 pro·

427 2235 560 2289 fana
583 2236 963 2304 spoliassent,
988 2251 1058 2289 ne
1078 2237 1268 2290 sacris
1288 2236 1527 2307 quidem
1548 2235 1990 2303 abstinuerant;
2012 2237 2359 2309 virginesque

428 2325 485 2378 et
510 2324 810 2393 principes
848 2322 1218 2392 feminarum,
1254 2327 1459 2394 stupra
1509 2340 1829 2394 perpessae,
1875 2338 2195 2393 corporum
2238 2317 2359 2376 ludi-

426 2411 558 2466 bria
590 2412 894 2466 deflebant.
927 2412 1192 2466 Invisum
1221 2413 1602 2468 Macedonum
1634 2428 1843 2466 nomen
1876 2413 2163 2466 avaritia⁸
2193 2418 2356 2466 eorum

428 2517 496 2554 ac
534 2500 715 2555 libido
761 2500 1037 2554 barbaris
1084 2500 1365 2556 fecerat⁴.
1398 2503 1557 2556 Inter
1608 2517 1814 2556 omnes
1863 2509 2058 2555 tamen
2101 2494 2359 2557 eminebat

428 2589 698 2643 Cleandri
728 2589 917 2658 furor,
957 2589 1058 2660 qui
1088 2589 1346 2644 nobilem
1377 2589 1692 2661 virginem,
1724 2592 2183 2658 constupratam,
2216 2594 2356 2641 servo

429 2692 539 2731 suo
567 2677 813 2747 pelicem
832 2675 1088 2731 dederat.
1118 2678 1390 2747 Plerique
1422 2680 1744 2732 amicorum
1774 2677 2101 2730 Alexandri
2131 2677 2358 2730 nontam

430 2766 761 2830 criminum,
797 2781 927 2836 quae
960 2766 1149 2835 palam
1182 2766 1632 2837 objiciebantur,
1660 2766 2043 2829 atrocitatem,
2067 2780 2238 2835 quam
2262 2771 2359 2815 me·

431 2855 676 2908 moriam
707 2855 888 2909 occisi
917 2871 1026 2925 per
1054 2855 1185 2909 illos
1219 2855 1649 2921 Parmenionis,
1675 2854 1822 2925 quod
1847 2856 2087 2908 tacitum
2113 2851 2359 2924 prodesse

431 2944 552 2997 reis
583 2944 735 3013 apud
765 2960 964 3014 regem
1014 2947 1264 3013 poterat,
1298 2943 1700 3006 intuebantur,
1730 2943 1848 2996 laeti
1872 2945 1891 2970 ⁸
1922 2943 2208 2996 recidisse
2247 2941 2361 2992 iram

429 3031 490 3086 in
535 3032 638 3085 irae
682 3034 1012 3101 ministrOS,
1046 3049 1155 3086 nec
1195 3032 1374 3086 ullam
1424 3034 1764 3102 potentiam,
1798 3032 2022 3086 scelere
2074 3029 2358 3101 quaesitam,

482 3207 499 3247 1
544 3227 597 3237 -
629 3209 671 3249 1.
695 3207 852 3260 Isdem,
880 3218 1028 3260 crasa,
1057 3217 1173 3261 pour
1200 3206 1379 3249 eisdem.

479 3271 527 3314 2.
563 3266 837 3321 Occiderant,
861 3272 949 3323 vll,
971 3280 1022 3322 u,
1051 3269 1124 3311 27.

480 3329 523 3369 ³.
553 3326 780 3373 Avaritia.
807 3329 872 3371 cf.
904 3332 972 3380 11,
1007 3342 1057 3381 n,
1088 3334 1194 3373 note
1222 3335 1270 3374 7.

482 3389 528 3429 4.
560 3386 764 3427 Fecerat.
798 3392 856 3430 Le
883 3390 1025 3432 verbe
1059 3401 1119 3432 au
1160 3390 1402 3446 singulier,
1425 3392 1493 3437 les
1523 3392 1645 3435 deux
1684 3392 1833 3445 sujets
1873 3394 2129 3446 exprimant
2165 3398 2248 3435 une
2269 3380 2347 3428 14⁶⁸

431 3448 678 3497 analogue.
709 3447 773 3488 Cf.
805 3450 878 3498 111,
901 3461 958 3498 vt,
991 3456 1097 3493 note
1120 3456 1186 3495 16.

483 3511 529 3550 5.
568 3505 726 3556 Laecux,
745 3518 857 3551 avec
876 3509 1111 3583 l'infinitit',
1134 3515 1252 3557 n'est
1274 3526 1356 3568 pas
1381 3515 1439 3561 de
1455 3516 1662 3573 l'epoque
1682 3515 1932 3573 classique.
