2517 3975
457 223 562 277 390
1213 241 1267 285 Q.
1307 238 1480 278 cmm
1517 241 1651 280 nur-1

361 348 396 403 2
524 346 689 400 India
716 348 838 401 tota
873 345 1059 401 ferme
1098 349 1327 416 spectat
1364 347 1675 415 orientem,
1708 350 1906 404 minus
1941 349 2005 404 in
2045 351 2399 406 latitudinem

359 437 395 493 3
447 449 619 505 quam
648 443 806 491 recta
833 437 1084 507 regione
1102 436 1123 463 ⁸
1150 436 1441 506 spatiosa.
1487 435 1633 502 Quae
1662 442 1928 493 austrum
1963 441 2260 510 accipiunt
2275 440 2315 507 ⁴,
2344 442 2396 494 in

444 523 620 578 altius
655 528 832 578 terrae
859 524 1165 597 fastigium
1184 525 1204 552 ⁸
1229 526 1591 580 excedunt⁰z
1620 526 1797 596 plana
1836 531 1976 582 sunt
2006 533 2227 597 cetera,
2258 531 2395 584 mul-

442 612 632 683 tisque
661 611 882 668 inclitis
913 614 1203 682 amnibuS,
1236 612 1504 668 Caucaso
1530 616 1766 670 monte⁷
1784 617 1954 683 ortis,
1983 617 2283 687 placidum
2307 634 2396 689 per

351 704 386 759 4
441 713 684 771 campos
739 702 852 757 iter
904 701 1194 773 praebent.
1245 701 1429 756 Indus
1486 703 1735 773 gelidior
1787 709 1878 758 est
1934 720 2117 776 quam
2174 708 2388 762 ceteri:-

441 804 625 860 aquas
666 790 827 846 vehit
883 805 917 845 a
973 790 1167 846 colore
1223 791 1409 845 maris
1463 791 1617 846 haud
1674 793 1921 847 multum
1978 794 2378 851 abhorrentes,

351 882 388 937 5
441 877 683 950 Ganges
711 880 750 946 ⁸,
792 881 1055 935 omnium
1099 880 1172 935 ab
1219 880 1458 935 Oriente
1504 880 1721 935 fluvius
1764 883 2020 938 eximius
2039 884 2083 951 ·,
2118 886 2198 939 ad
2234 886 2386 939 meri-

442 970 674 1025 dianam
729 971 1035 1042 regionem
1087 969 1367 1035 decurrit,
1409 973 1463 1023 et
1519 983 1875 1040 magnorum
1928 973 2226 1029 montium
2260 973 2387 1046 juga

441 1063 603 1115 recto
636 1059 804 1114 alveo
844 1059 1182 1130 stringitw:
1216 1058 1354 1113 inde
1373 1059 1410 1086 ¹¹
1442 1074 1576 1114 eum
1616 1059 1864 1131 obJectae
1904 1075 2091 1131 rupes
2119 1064 2389 1119 inclinant

347 1149 388 1206 6
440 1149 512 1203 ad
558 1150 866 1204 orientem.
907 1149 1092 1221 Alter,
1133 1148 1234 1219 qui
1264 1145 1467 1203 Rubro
1517 1150 1666 1204 mari
1693 1149 1733 1177 ¹’
1772 1150 2080 1221 accipitur,
2133 1152 2314 1208 Indus
2339 1154 2384 1219 ¹⁸,

437 1238 602 1307 ripas
644 1240 977 1311 multasque
1023 1237 1272 1293 arbores
1320 1254 1454 1293 cum
1485 1253 1704 1309 magna
1743 1239 1857 1293 soli
1899 1245 2062 1311 parte
2102 1243 2385 1311 exam-bet,

436 1327 602 1381 saxis
631 1343 863 1404 quoque
894 1327 1228 1399 impedituS,
1265 1326 1455 1398 quis¹⁴
1498 1326 1710 1381 crebro
1759 1328 2179 1384 reverberatur
2197 1332 2275 1384 ¹³:
2303 1331 2385 1385 ubi

434 1415 675 1479 mollius
721 1418 917 1473 solum
962 1415 1201 1487 reperit,
1252 1416 1492 1488 stagnat
1524 1413 1883 1487 'insulasque
1931 1418 2202 1474 molitur.
2247 1419 2384 1475 Ace-

431 1503 596 1559 sines
636 1519 769 1560 eum
807 1507 985 1577 auget
1017 1518 1032 1557 τ
1063 1503 1456 1558 decursurum
1479 1501 1520 1530 ¹⁸
1556 1503 1620 1556 in
1657 1513 1819 1557 mare
1860 1501 2043 1558 Indus
2079 1506 2381 1578 intercipit,

433 1607 765 1667 magnoque
805 1591 982 1648 motu'
1005 1593 1198 1646 amnis
1235 1589 1483 1661 uterq'ue
1522 1591 1839 1658 colliditur,
1876 1593 2096 1664 quippe
2123 1611 2383 1667 asperum

341 1686 380 1742 9
432 1696 500 1737 os
519 1682 559 1710 ¹⁷
587 1681 855 1739 influenti
885 1680 1089 1752 objicit
1109 1680 1171 1750 ¹⁸,
1202 1695 1312 1735 nec
1347 1694 1714 1750 repercussae
1744 1695 1911 1751 aquae
1945 1682 2193 1739 cedunt.
2235 1684 2384 1739 Diar-

431 1772 602 1827 dines
621 1771 661 1799 ¹⁰
695 1772 894 1826 minus
932 1769 1168 1825 celeber
1204 1769 1409 1823 auditu
1444 1771 1558 1834 est,
1593 1769 1730 1840 quia
1767 1785 1876 1840 per
1911 1770 2121 1826 ultima
2160 1771 2383 1828 Indiae”

345 1328 382 1473 ΘΔ

424 2014 666 2059 Bactriana
689 2025 796 2058 vers
811 2013 853 2057 la
875 2013 939 2056 fin
959 2013 1023 2057 du
1045 2011 1307 2067 printemps
1331 2010 1388 2054 de
1415 2010 1521 2065 3273
1550 2010 1623 2055 les
1640 2021 1863 2066 passages
1892 2011 1955 2056 du
1978 2015 2279 2070 Paropamise
2295 2013 2376 2070 qui,

424 2077 544 2120 deux
572 2088 656 2121 ans
684 2080 982 2132 auparavant‚
1011 2078 1192 2118 avaient
1219 2072 1372 2118 donne
1399 2078 1501 2116 tant
1522 2073 1579 2116 de
1608 2073 1759 2127 peine,
1790 2073 1967 2117 etaient
1991 2075 2118 2120 alors
2147 2077 2370 2122 debat-ras·

422 2139 499 2183 ses
526 2140 583 2184 de
605 2140 732 2184 leurs
760 2140 949 2192 neiges;
981 2149 1040 2181 en
1068 2136 1258 2180 suivant
1286 2146 1379 2178 une
1408 2141 1538 2179 route
1559 2136 1665 2189 plus
1685 2141 1863 2190 comte,
1883 2135 1917 2178 il
1937 2136 2145 2183 franchit
2163 2140 2211 2184 la
2229 2140 2371 2183 chaine

420 2206 466 2244 et
495 2202 650 2245 revint
684 2202 710 2244 a
737 2199 1002 2246 Alexandria
1029 2200 1085 2243 du
1106 2198 1310 2242 Gauoaee.
1340 2198 1497 2241 L'lnde
1515 2198 1734 2242 s’ouvrait
1760 2198 1933 2242 devant
1959 2199 2027 2244 lui
2055 2216 2070 2245 ι
2098 2202 2145 2246 la
2161 2202 2305 2247 vallae
2320 2201 2370 2245 du

419 2264 610 2318 Kophen
638 2276 696 2308 ou
727 2263 891 2307 riviere
909 2264 965 2307 de
992 2262 1164 2306 Caboul
1191 2261 1236 2303 le
1260 2258 1435 2303 menait
1465 2258 1492 2302 a
1517 2261 1711 2305 l'lndus.

474 2332 517 2371 3.
553 2327 690 2371 Recta
712 2326 907 2381 remoue,
927 2323 1222 2368 c’est-a-dire
1250 2336 1277 2362 o:
1296 2333 1354 2364 en
1382 2321 1612 2376 longueur
1631 2338 1678 2368 ι).

469 2393 517 2433 4.
552 2389 652 2441 Quae
675 2389 886 2433 Austrum
904 2387 1125 2443 accipiunt
1155 2389 1230 2428 est
1256 2382 1499 2440 poetique„

469 2456 517 2496 δ.
550 2451 815 2506 Fastiaium.
853 2449 1150 2504 L’Himalaya.

469 2517 518 2558 6.
550 2512 775 2558 Excedunt
803 2523 981 2556 comme
1006 2513 1213 2564 auruum.

465 2580 515 2620 ’1.
551 2576 748 2620 Caucaso
771 2578 927 2630 monte,
950 2573 1361 2618 l'Hindou-Kouch.

466 2642 514 2684 8.
552 2638 740 2693 Ganaes.
773 2641 833 2681 Le
861 2639 1035 2691 Gange,
1060 2636 1142 2690 qui
1169 2647 1219 2678 se
1243 2634 1361 2689 iette
1387 2646 1447 2679 au
1476 2634 1586 2678 fond
1612 2634 1675 2678 du
1702 2634 1822 2689 golfe
1846 2634 1910 2679 du
1937 2637 2163 2691 Bengale.

466 2701 511 2745 9.
543 2701 748 2745 Eximius
775 2699 981 2743 omnium.
1015 2697 1219 2742 Eximius
1245 2701 1318 2741 est
1345 2697 1576 2742 construit
1604 2707 1784 2740 comme
1812 2708 1875 2741 un
1896 2698 2164 2754 supernatis.
2183 2702 2243 2743 Ge
2259 2700 2362 2742 n'est

419 2763 788 2879 Ρῖεοῗιεὲίὲῆρίι,
818 2824 951 2868 coule
971 2825 1015 2868 le
1043 2823 1154 2876 long
1176 2822 1288 2867 de...
1309 2831 1368 2864 en
1393 2824 1579 2865 serrant
1607 2821 1665 2865 de
1690 2820 1820 2876 pres.

464 2892 536 2933 11.
570 2885 846 2942 hadefuns.

463 2955 535 2997 12.
569 2950 711 2994 Rubro
738 2948 870 2997 mari.
899 2948 966 2991 cf.
998 2948 1075 3001 111,
1108 2959 1158 3003 ιι,
1187 2951 1297 2991 note
1317 2947 1388 2991 14.

459 3017 532 3061 13.
564 3011 712 3056 Indus.
736 3011 805 3056 Cf.
842 3014 948 3065 vm,
976 3022 1062 3060 xn.
1086 3015 1194 3053 note
1221 3014 1265 3053 3.

459 3081 530 3121 14.
567 3073 673 3127 Quis
691 3086 804 3129 pour
832 3074 1006 3129 quibus.
1041 3072 1106 3118 cf.
1139 3076 1215 3129 111,
1245 3083 1296 3127 ιι,
1325 3077 1433 3116 note
1463 3073 1513 3117 8.

458 3144 530 3183 1³.
561 3136 865 3182 Reverberari.
900 3139 990 3182 Mot
1012 3148 1114 3179 rare
1143 3135 1401 3191 posterieur
1419 3135 1446 3177 a
1464 3137 1686 3190 Auguste.

457 3204 529 3245 18.
563 3200 869 3254 occursurum,
899 3210 936 3242 s.
969 3210 1012 3242 e.
1042 3210 1155 3243 eum.

458 3266 529 3309 17.
563 3265 774 3316 Asperum
802 3272 867 3314 os,
895 3272 985 3303 une
1010 3260 1175 3305 enti-ee
1203 3260 1417 3305 difficile.

457 3326 530 3366 18.
566 3321 746 3376 Oinoit,
775 3322 899 3376 sujet
924 3321 1075 3370 Indus.
1112 3323 1167 3366 08
1195 3335 1396 3377 asperum
1416 3322 1571 3377 obsistt
1599 3327 1673 3366 est
1699 3322 1939 3378 poetique.

457 3387 530 3428 19.
564 3380 814 3424 Diardines.
843 3384 910 3424 On
947 3394 1006 3425 ne
1049 3383 1142 3426 sait
1188 3386 1295 3438 quel
1342 3390 1412 3429 est
1453 3395 1508 3427 ce
1547 3384 1718 3429 fleme.
1765 3386 1932 3428 Est-ce
1970 3397 2038 3428 un
2065 3385 2253 3433 affluent
2283 3380 2338 3422 du

405 3442 595 3495 Gange?
620 3443 768 3483 Eam
789 3441 1069 3496 l'lraouaddy
1092 3455 1153 3488 ou
1178 3446 1329 3490 meme
1356 3447 1401 3490 le
1427 3448 1633 3500 Mekong,
1663 3444 1841 3490 fleuves
1871 3447 1930 3491 de
1959 3446 2100 3495 l’lnde
2125 3460 2148 3488 α
2170 3458 2224 3490 au
2245 3440 2337 3487 dell

404 3501 469 3544 du
496 3504 695 3569 Gange-x·
721 3504 769 3542 et
794 3501 876 3553 qui
903 3506 1008 3546 tous
1033 3504 1156 3549 deux
1184 3507 1477 3551 nourr1ssent
1508 3504 1589 3550 des
1619 3502 1914 3552 crocodilea?

392 3602 395 3605 Α
459 3561 537 3611 ²⁰.
570 3560 736 3604 vuum
762 3559 915 3606 India.
946 3563 1146 3616 Adjectir
1168 3572 1337 3612 neutro
1360 3580 1471 3615 avec
1498 3567 1671 3622 genitis
1689 3568 1888 3625 partitis.
