2517 3975
602 262 990 304 msronnmuu
1025 263 1361 308 ammom
1399 265 1482 315 ιιι,
1523 265 1606 301 xl.
2015 246 2083 301 37

912 487 1163 542 CAPUT
1212 488 1293 541 XI

794 636 1068 685 Bataille
1127 637 1410 686 d'IssuS.

885 770 1174 824 (Novembre,
1202 769 1319 824 333.)

218 927 327 982 vlam
369 931 438 984 ad
466 932 568 985 teli
602 932 851 1002 jactum¹
885 936 1295 1002 pervenerant,
1328 946 1460 985 cum
1493 931 1818 986 Persarum
1855 929 2088 1000 equites

161 1014 396 1073 ferociter
421 1020 482 1073 in
502 1020 720 1074 laevum
752 1036 936 1075 cornu
974 1020 1239 1075 hostium
1260 1021 1480 1076 invecti
1509 1023 1649 1074 sunt
1679 1035 1692 1073 :
1729 1020 1948 1091 quippe
1977 1018 2088 1072 Da-

159 1104 262 1159 rius
287 1111 537 1179 equestri
563 1108 775 1179 proelio
806 1110 1126 1163 decernere
1167 1110 1425 1179 optabat,
1456 1108 1817 1180 phalangem
1836 1108 1858 1130 *
1897 1108 2089 1163 Mace-

159 1193 321 1251 donici
345 1199 643 1252 exercitus
678 1198 863 1253 robur
889 1213 1028 1254 esse
1066 1199 1429 1269 conjectans,
1463 1197 1711 1269 Jamque
1743 1197 1918 1252 etiam
1946 1194 2089 1254 dex-

158 1289 279 1338 trum
305 1287 623 1341 Alexandri
643 1303 828 1342 cornu
855 1288 1301 1346 circumibatur.
1338 1286 1502 1353 Quod
1525 1286 1627 1340 ubi
1658 1286 1895 1340 Macedo
1917 1301 2088 1340 cons-

157 1374 305 1443 pexit,
334 1376 561 1431 duabus
592 1376 704 1430 alis
738 1377 996 1446 equitum
1028 1376 1102 1430 ad
1126 1377 1348 1447 jugum
1378 1376 1599 1429 montis
1622 1374 1816 1445 jussis
1846 1374 2085 1428 subsis-

158 1464 270 1530 tere,
299 1468 524 1520 ceteros
571 1466 636 1519 in
668 1466 922 1520 medium
957 1465 1102 1520 belli
1151 1466 1473 1519 discrimen
1506 1468 1747 1518 strenue
1779 1462 2082 1517 transfert.

156 1547 432 1608 Subductis
474 1554 691 1609 deinde
736 1570 808 1608 ex
853 1555 975 1609 acie
1024 1553 1330 1609 Thessalis
1377 1553 1696 1624 equitibus,
1741 1549 2087 1622 praetectum

158 1652 323 1695 eorum
363 1644 588 1698 occulte
629 1642 938 1698 circumire
984 1645 1216 1715 tergum
1247 1657 1493 1697 suorum
1516 1641 1710 1712 jubet,
1741 1640 2085 1696 Parmenio-

156 1728 300 1799 nique
334 1731 646 1804 conjungi,
696 1734 771 1800 et,
815 1731 967 1802 quod
1005 1734 1061 1786 is
1103 1732 1481 1800 imperasset,
1528 1732 1786 1803 impigre
1815 1730 2082 1800 exsequi.

207 1818 431 1890 Jamque
461 1821 762 1875 immissi²
791 1821 853 1874 in
879 1820 1136 1875 medium
1170 1821 1510 1888 Persarum,
1544 1821 1803 1890 undique
1834 1819 2085 1873 circum-

153 1903 268 1977 fusi,
295 1911 533 1982 egregie
564 1925 769 1981 regem
798 1911 1134 1978 tuebantur,
1168 1910 1276 1964 sed
1305 1909 1553 1963 conferti
1592 1912 1648 1963 et
1686 1909 1856 1979 quasi
1890 1907 2086 1963 cohae-

152 2002 340 2066 rentes,
368 2001 482 2056 tela
502 2002 525 2022 *
559 2000 795 2055 vibrare
824 2015 943 2055 non
972 2003 1243 2070 poterant
1270 2014 1284 2053 τ
1316 1999 1490 2054 simul
1520 2000 1718 2053 erant³
1748 1999 1989 2065 emissa,
2022 2001 2085 2052 in

153 2086 362 2141 eosdem
404 2089 821 2144 concurrentia
867 2088 1343 2158 implicabantur,
1384 2087 1619 2157 levique
1664 2090 1723 2141 et
1765 2102 1917 2142 vano
1966 2089 2084 2142 ictu

147 2189 310 2241 pauca
337 2177 396 2231 in
423 2178 679 2245 hostem,
711 2178 881 2248 plura
911 2178 972 2231 in
1002 2179 1247 2232 humum
1286 2176 1527 2230 innoxia
1559 2175 1863 2231 cadebant.
1896 2174 2081 2245 Erg0,

151 2267 444 2322 comminus
472 2282 740 2338 pugnam
763 2267 945 2322 coacti
974 2281 1313 2335 conserere,
1339 2263 1606 2335 gladios*
1635 2264 1887 2336 impigre
1911 2264 2087 2317 strin-

150 2357 282 2421 gunt.
313 2355 453 2410 Tum
482 2372 630 2412 vero
670 2356 910 2410 multum
952 2355 1267 2428 sanguinis
1307 2354 1506 2408 fusum
1549 2360 1668 2417 est;
1703 2353 1833 2408 duae
1868 2353 2083 2424 quippe

152 2442 278 2498 acies
301 2446 376 2499 ita
407 2446 808 2513 cohaerebant,
833 2447 893 2498 ut
922 2445 1102 2499 armis
1132 2460 1296 2499 arma
1321 2444 1651 2515 pulsarent,
1676 2458 1992 2498 mucrones
2020 2444 2081 2497 in

149 2542 229 2585 ora
256 2533 599 2607 dirigerent.
629 2535 765 2590 Non
795 2533 1020 2604 timido,
1054 2549 1175 2589 non
1205 2534 1422 2604 ignavo
1454 2548 1693 2588 cessare
1723 2536 1844 2586 tum
1873 2531 2032 2586 licuit
2062 2546 2075 2586 :

148 2619 323 2676 collato
352 2624 529 2694 pede,
575 2624 748 2694 quasi
793 2622 1020 2694 singuli
1065 2623 1221 2677 inter
1255 2637 1322 2676 se
1356 2621 1723 2687 dimicarent,
1764 2622 1827 2675 in
1875 2620 2082 2676 eodem

150 2711 367 2782 vestigio
406 2713 662 2778 stabant,
695 2712 884 2767 donee
910 2711 1202 2767 vincendo
1240 2711 1439 2766 locum
1473 2711 1595 2766 sibi
1624 2709 1904 2768 facerent.
1932 2710 2081 2764 Tum

149 2793 344 2854 demum
392 2817 538 2874 ergo
588 2800 1019 2871 promovebant
1061 2799 1331 2874 gradum,
1363 2815 1496 2854 cum
1536 2799 1768 2855 hostem
1817 2802 2080 2870 prostra-

146 2893 339 2944 verant.
369 2891 444 2946 At
468 2891 643 2945 illos⁴
670 2906 866 2946 novus
884 2889 1211 2960 excipiebat
1239 2889 1621 2944 adversarius
1651 2889 1946 2961 fatigatOS,
1970 2903 2080 2944 nec

140 2975 419 3048 vulnerati,
442 2983 509 3034 ut
539 2979 690 3033 alias
720 2979 930 3046 solent,
953 2978 1077 3034 acie
1101 2979 1374 3049 poterant
1400 2978 1706 3047 excedere,
1729 2994 1862 3057 cum
1886 2978 2078 3032 hostis

143 3059 356 3122 instaret
383 3084 417 3122 a
447 3067 665 3135 fronte,
698 3084 731 3122 a
756 3071 923 3140 tergo
953 3068 1050 3122 sui
1077 3070 1382 3139 urgerent.

193 3153 520 3211 Alexander
546 3172 670 3213 non
696 3157 866 3212 ducis
893 3156 1086 3227 magis
1116 3171 1293 3227 quam
1322 3155 1529 3210 militis
1561 3155 1761 3209 munia
1791 3170 2079 3226 exseque-

145 3233 304 3315 batur,
331 3247 589 3315 opimum
626 3245 806 3300 decus
854 3261 1009 3301 caeso
1048 3259 1194 3317 rege
1241 3247 1528 3316 expetens
1560 3259 1575 3300 :
1620 3245 1834 3316 quippe
1865 3244 2078 3298 Darius

184 3406 243 3456 Χῐ.
268 3432 321 3444 —·
348 3416 393 3455 1.
426 3413 497 3457 Ad
526 3413 608 3457 teli
622 3414 820 3465 jactum.
852 3414 914 3457 Le
937 3411 1045 3455 trait
1061 3410 1233 3467 portait
1258 3411 1286 3459 a
1314 3412 1507 3457 environ
1532 3414 1612 3455 no
1640 3407 1837 3456 meu-ea.

185 3469 220 3512 ἰ.
246 3471 447 3526 Immiesi,
469 3475 699 3531 participe
727 3476 822 3530 pris
847 3475 1296 3522 substantivement.

187 3529 221 3572 3.
246 3533 382 3579 Simul
401 3542 545 3594 erant,
574 3548 756 3581 comme
773 3538 910 3581 simul
936 3548 989 3582 ac
1019 3540 1168 3582 erant.

194 3594 226 3634 ὁ.
251 3596 303 3641 At
326 3599 448 3652 illua,
474 3601 542 3645 les
567 3599 908 3645 MacedonienS.

2140 2359 2174 2412 5
