2517 3975
582 260 975 301 meromAmm
1011 260 1351 303 Annmnm
1388 265 1470 313 v1,
1512 263 1613 301 vu.
1973 246 2080 301 189

124 370 412 424 tissimum
437 369 677 441 pignuS‚
725 369 883 441 quod
911 373 1083 440 caput
1112 386 1291 424 suum
1318 371 1695 441 permisisset
1724 369 1864 424 fidei
1890 370 2080 424 adhuc

122 459 454 529 inexpertae.
512 457 602 511 Ad
653 456 940 521 ultimum,
1011 457 1276 512 aversari
1338 458 1535 513 scelus
1589 461 2079 528 perseverantem

123 547 324 601 mortis
344 549 506 600 metu
522 548 736 600 terret:
760 547 833 600 ab
856 545 960 600 illo
981 547 1172 616 capite
1191 547 1227 574 ¹¹
1250 546 1599 617 conjuratos
1617 547 2079 616 pulcherrimum

122 635 341 690 facinus
397 634 799 689 inchoaturos.
846 633 1012 687 Alias
1058 634 1269 689 deinde
1318 633 1719 690 effeminatum
1763 637 1820 689 et
1864 634 2078 689 mulie-

121 722 294 779 briter
327 723 624 788 timidum,
663 723 812 778 alias
839 723 1202 792 proditorem
1233 722 1565 794 appellans,
1613 737 1771 778 nunc
1814 723 2080 796 ingentia

121 812 464 882 promittens
491 811 985 879 —interdumque
1013 824 1265 879 regnum
1293 826 1529 881 quoque
1546 840 1619 852 —
1643 810 1921 865 versabat
1947 810 2079 864 ani-

121 917 270 956 mum
305 902 469 955 tanto
508 899 772 955 facinore
807 899 1012 970 procul
1050 899 1497 955 abhorrentem.
1544 899 1822 956 Strictum
1863 899 2078 954 deinde

121 987 415 1060 gladium*
443 987 618 1042 modo
649 986 832 1053 illius,
863 985 1034 1042 modo
1065 1001 1175 1041 suo
1208 985 1537 1041 admovens
1557 986 1794 1059 jugulo,
1827 987 2080 1057 supplex

121 1077 271 1131 idem
307 1078 365 1130 et
399 1073 679 1142 infestu8‚
711 1075 1007 1146 expressit
1027 1077 1093 1129 ut
1120 1074 1361 1129 tandem
1386 1090 1508 1129 non
1528 1076 1724 1130 solum
1753 1075 2074 1141 silentium,

123 1165 221 1220 sed
265 1165 444 1219 etiam
502 1178 743 1233 operam
791 1164 1192 1233 polliceretur.
1245 1163 1508 1234 Namque
1526 1163 1567 1191 ¹²
1616 1163 1849 1218 abunde
1893 1179 2076 1219 cons-

50 1284 51 1309 1
122 1253 290 1308 tantis
328 1251 530 1319 animi,
576 1251 725 1304 nihil
781 1267 856 1306 ex
891 1252 1145 1323 pristina
1207 1252 1515 1307 voluntate
1571 1254 1924 1322 mutaverat,
1973 1254 2080 1308 sed

124 1343 342 1412 captum
380 1339 594 1410 Dymni
642 1340 896 1394 amicitia
941 1339 1260 1393 simulabat
1314 1340 1464 1394 nihil
1506 1355 1789 1395 recusare
1805 1340 1864 1394 ¹⁸.
1917 1339 2081 1395 Scis-

126 1429 282 1483 citari
308 1428 445 1482 inde
473 1428 672 1498 pergit
696 1443 828 1481 cum
866 1428 1082 1498 quibus
1112 1430 1292 1483 tantae
1320 1428 1410 1482 rei
1446 1428 1788 1483 societatem
1815 1428 2029 1483 inisset
2063 1446 2077 1482 ε

124 1516 427 1589 plurimum
463 1514 688 1569 referre
708 1515 749 1542 ¹⁴
794 1515 997 1586 quales
1035 1516 1153 1570 viri
1197 1519 1319 1570 tam
1355 1516 1721 1570 memorabili
1762 1516 1931 1585 operi
1970 1515 2079 1569 ad-

125 1607 332 1662 moturi
359 1620 572 1660 manus
602 1606 824 1659 essent.
857 1604 983 1673 Ille,
1004 1608 1063 1658 et
1090 1605 1348 1669 amicitia
1374 1606 1430 1660 et
1449 1606 1676 1660 scelere
1696 1604 1850 1660 male
1870 1620 2076 1671 sanuS,

127 1695 291 1750 simul
323 1693 551 1763 gratias
588 1693 727 1764 agit,
760 1693 935 1747 simul
973 1695 1307 1765 gratulatur
1336 1693 1492 1764 quod
1520 1692 1865 1748 fortissimis
1905 1693 2079 1764 juve-

127 1783 294 1838 num*
316 1797 438 1836 non
467 1780 791 1835 dubitasset
818 1796 885 1835 se
923 1781 1270 1854 adjungere,
1293 1781 1611 1846 DemetriO,
1634 1780 1908 1851 eorporis
1937 1795 2080 1835 cus-

125 1872 272 1927 todi*
302 1870 615 1934 Peucolao,
651 1869 935 1924 Nicanori
966 1884 980 1922 :
1030 1869 1232 1940 adjicit
1260 1867 1358 1924 his
1394 1868 1787 1939 Aphobetum,
1829 1870 2076 1936 Iolaum,

130 1960 466 2028 Dioxenum,
497 1958 894 2028 Archepolim,
942 1958 1277 2031 Amyntam.

189 2051 278 2103 Ab
320 2049 431 2103 hoc
459 2063 736 2102 sermone
767 2046 1076 2114 dimissus,
1126 2046 1568 2102 Nichomachus
1609 2046 1684 2101 ad
1719 2045 1967 2102 fratrem
2009 2076 2082 2089 -

131 2136 401 2192 Cebalino
420 2136 462 2164 ⁴³
500 2138 626 2192 erat
660 2151 878 2191 nomen
912 2166 986 2177 --
1014 2150 1146 2206 quae
1186 2138 1492 2206 acceperat
1528 2134 1737 2190 defert.
1761 2134 1965 2189 Placet
1992 2135 2083 2206 ip-

135 2225 314 2279 sum⁴⁸
351 2224 680 2279 subsistere
721 2224 784 2277 in
821 2223 1218 2294 tabernaculo,
1257 2238 1355 2289 ne,
1398 2224 1453 2277 si
1499 2224 1726 2293 regiam
1775 2223 2078 2291 intrasset,

135 2329 246 2368 non
279 2316 555 2368 assuetus
593 2313 756 2366 adire
792 2327 1012 2384 regem,
1055 2311 1351 2383 conjurati
1388 2312 1658 2382 proditos
1688 2326 1754 2366 se
1792 2327 1927 2367 esse
1955 2327 2082 2366 res-

135 2402 437 2459 ciscerent.
484 2401 620 2472 Ipse
658 2400 976 2456 Cebalinus
1005 2404 1133 2456 ante
1170 2402 1531 2456 vestibulum
1565 2401 1749 2474 ‘regiae
1776 2431 1847 2441 —
1890 2416 2083 2470 neque

137 2492 279 2545 enim
313 2492 562 2562 propius
589 2491 783 2544 aditus
815 2490 869 2544 ei
896 2491 1132 2560 patebat
1161 2521 1230 2530 —-
1269 2490 1562 2558 consistit,
1606 2490 1929 2561 opperiens
1962 2491 2076 2544 ali-

2134 550 2203 604 10

2134 636 2199 691 11

2133 903 2203 958 12

2135 1171 2206 1225 13

2136 1347 2205 1402 14

2139 1616 2207 1670 15

2143 2061 2208 2115 16

2137 2414 2205 2469 17

137 2593 294 2649 quem
323 2596 396 2635 ex
418 2580 613 2650 prima
639 2580 1226 2645 cohortessamicorum
1242 2579 1284 2645 *,
1307 2596 1341 2633 a
1369 2595 1481 2650 quo
1512 2579 1989 2635 introduceretur
2009 2579 2083 2634 ad
2161 2630 2166 2635 .

137 2680 351 2735 regem.

202 2755 393 2828 Forte,
458 2757 673 2812 ceteris
729 2757 1015 2826 dimissis,
1094 2773 1251 2811 unus
1315 2756 1602 2823 Philotae,
1666 2757 2084 2812 Parmenionis

135 2842 285 2899 filius
318 2849 701 2903 —incertum
740 2862 915 2917 quam
942 2846 1016 2901 ob
1043 2862 1287 2903 causam
1317 2876 1389 2887 —
1418 2847 1765 2902 substiterat
1802 2848 1865 2902 in
1891 2848 2082 2919 regia.

139 2931 283 2988 Huic
317 2936 653 3003 CebalinUS,
695 2951 798 2991 ore
834 2935 1100 3002 confuso,
1138 2951 1373 3007 magnae
1414 2936 1879 3007 perturbationis
1910 2940 2085 2992 notas

136 3035 256 3090 prae
290 3040 353 3079 se
387 3025 612 3088 serene,
651 3025 840 3095 aperit
875 3041 1006 3096 quae
1052 3041 1128 3079 ex
1162 3024 1351 3094 fratre
1406 3028 1793 3095 compererat,
1852 3029 1911 3081 et
1949 3025 2083 3080 sine

188 3214 258 3258 11.
286 3217 347 3261 Ab
361 3219 444 3263 illo
472 3218 630 3274 capite,
651 3229 735 3273 par
756 3217 910 3262 latete
939 3218 996 3260 de
1026 3217 1327 3264 Nicomache.

195 3280 258 3320 ¹2.
287 3279 485 3336 Namque.
510 3283 545 3325 11
573 3285 752 3338 promet
778 3284 892 3334 tout,
916 3291 993 3323 car
1018 3281 1051 3324 il
1077 3286 1150 3325 est
1177 3281 1342 3326 decide
1369 3282 1397 3326 a
1426 3292 1650 3337 manquer
1678 3278 1704 3322 a
1732 3291 1786 3323 sa
1805 3283 1962 3336 parole
1981 3285 2031 3326 et
2058 3281 2084 3323 a

143 3335 310 3383 revelet
333 3344 376 3384 le
398 3344 618 3399 complet.
1239 3344 1248 3353 ‘

195 3402 259 3444 13.
289 3403 519 3460 Recusare,
547 3406 712 3460 ellipse
731 3406 793 3449 du
820 3405 945 3459 sujet
970 3417 1041 3450 se.

197 3464 261 3508 1⁴.
290 3466 526 3512 Plurimum
549 3469 721 3521 referre
735 3466 917 3521 depend
942 3467 1051 3511 d’un
1069 3466 1211 3511 verbe
1239 3477 1418 3512 comme
1447 3468 1624 3511 dicens.

198 3525 264 3568 18.
293 3526 495 3574 Cebalino
514 3541 597 3574 sur
623 3541 677 3573 ce
705 3530 836 3582 datit',
855 3530 922 3573 cf.
955 3533 1028 3584 111,
1057 3540 1166 3580 xm,
1187 3534 1296 3573 note
1328 3534 1396 3574 ¹0.

202 3588 265 3630 16.
292 3588 441 3644 Ipsum,
470 3591 770 3637 c'est-a-dire
781 3592 1105 3640 Nico-acuum.

1835 3688 1921 3735 11.

2139 2772 2209 2827 18
