2517 3975
629 276 1020 316 uisromamm
1056 278 1396 317 ALuxAnnm
1432 279 1515 329 ιν,
1556 278 1640 316 w.
2051 262 2121 317 73

146 381 401 454 proximi
454 383 851 451 excubabant,
911 385 983 439 ab
1050 386 1239 440 isdem
1299 385 1643 441 excitantur.
1694 384 1872 440 Nullo
1922 401 1996 440 ex
2043 386 2123 441 iis

147 487 289 527 auso
334 487 694 545 repugnare,
756 473 1034 527 omnibus
1093 478 1319 529 catenae
1367 473 1604 545 injectae
1654 477 1810 541 sunt,
1867 474 2126 544 Ampho-

144 564 263 615 tero
330 561 545 615 deinde
613 561 1067 634 Hegelochoque
1134 562 1470 618 traduntur.
1552 563 1705 617 Hinc
1769 562 2124 618 Macedones

146 650 441 705 transiere
470 650 789 720 Mitylenen
805 651 867 716 ⁸³,
896 666 1071 722 quam
1105 650 1333 707 Chares
1372 651 1757 706 Atheniensis
1793 667 1986 721 nuper
2016 667 2124 706 oc-

144 740 412 809 cupatam
449 756 490 792 11
527 739 779 792 millium
808 739 1130 794 Persarum
1158 740 1441 810 praesidio
1485 738 1723 795 tenebat
1776 754 1788 792 :
1837 740 1943 794 sed
1984 755 2120 794 cum

147 827 524 882 obsidionem
569 828 819 883 tolerare
866 844 988 883 non
1034 833 1256 899 posset,
1308 829 1454 884 urbe
1505 828 1737 895 tradita,
1796 834 2006 898 pactus
2062 830 2126 881 ut

145 917 432 971 incolumi
456 917 623 972 abire
661 919 885 984 liceret,
928 917 1244 973 Imbrumu
1288 920 1460 989 petit.
1501 917 1728 972 Deditis
1773 917 2127 973 Macedones

146 1009 564 1077 pepercerunt.

949 1190 1202 1246 CAPUT
1252 1191 1332 1245 Vl

274 1341 470 1390 Darius
500 1354 558 1389 se
588 1345 807 1403 prepare
838 1341 866 1390 a
894 1341 945 1389 la
973 1354 1189 1404 guerre.
1218 1367 1284 1377 —
1312 1341 1608 1391 Alexandra
1637 1341 1800 1403 prend
1834 1341 1994 1397 Gaza.

1012 1470 1126 1528 (me,
1150 1474 1279 1529 332.)

220 1636 468 1699 Darius,
487 1635 800 1705 desperata
827 1650 991 1705 pace,
1025 1651 1200 1705 quam
1241 1649 1350 1704 per
1377 1635 1605 1689 litteras
1633 1634 1982 1707 legatosque
2010 1635 2131 1690 im·

154 1725 382 1795 patrari
421 1739 603 1793 posse
653 1724 995 1788 crediderat,
1048 1722 1122 1777 ad
1167 1721 1529 1792 reparandas
1584 1723 1738 1778 vires
1792 1724 2130 1796 bellumque

154 1815 409 1884 impigre
455 1812 863 1866 renovandum
902 1811 1150 1867 intendit
1191 1812 1481 1867 animum.
1529 1812 1720 1868 Duces
1748 1828 1894 1884 ergo
1933 1813 2132 1881 copia-

153 1918 285 1957 rum
329 1901 746 1970 Babyloniam¹
784 1900 1122 1967 convenire,
1173 1900 1429 1954 Bessum
1478 1916 1729 1971 quoque,
1792 1902 2134 1956 Bactriano-

156 2008 289 2046 rum
338 1996 671 2059 praetorem,
703 2006 876 2060 quam
908 1992 1164 2044 maximo
1193 1994 1400 2059 posset
1440 1993 1706 2045 exercitu
1737 1994 1961 2054 coacto,
1997 1991 2134 2044 des-

157 2079 509 2134 cenderead
529 2095 596 2133 se
622 2078 808 2150 jubet.
839 2079 988 2134 Sunt
1018 2080 1214 2133 autem
1243 2077 1543 2132 Bactriani
1574 2077 1730 2132 inter
1755 2077 1891 2132 illas
1918 2080 2131 2149 gentes

155 2168 627 2239 promptissimi,
688 2166 948 2222 horridis
1006 2167 1268 2238 ingeniis
1316 2166 1678 2236 multumque
1735 2182 1769 2220 a
1813 2166 2133 2221 Persarum

156 2255 306 2310 luxu
351 2254 806 2310 abhorrentibus
846 2269 860 2309 :
898 2255 1001 2309 siti
1038 2254 1191 2308 haud
1237 2253 1447 2324 procul
1490 2251 1842 2323 Scytharum
1889 2252 2137 2306 bellico-

160 2345 312 2397 sima
341 2347 520 2412 geute
560 2345 619 2397 et
655 2345 822 2413 rapto
851 2344 1060 2397 vivere
1091 2345 1330 2397 assueta
1361 2356 1599 2410 semper
1639 2341 1701 2395 in
1730 2343 1913 2395 armis
1945 2346 2130 2395 eraut.

162 2430 277 2487 Sed
313 2432 566 2499 BessuS,
601 2434 880 2502 suspecta
930 2431 1195 2501 perfidia,
1230 2430 1384 2483 haud
1436 2443 1578 2483 sane
1618 2444 1786 2500 aequo
1829 2428 2022 2484 animo
2071 2429 2131 2483 in

165 2520 419 2575 secundo
454 2536 520 2575 se
551 2522 863 2575 continens
894 2521 1103 2589 gradu,
1137 2534 1339 2591 regem
1369 2518 1626 2573 terrebat
1658 2533 1671 2573 :
1705 2534 1843 2573 nam
1873 2534 2005 2573 cum
2037 2534 2135 2574 re-

168 2624 342 2679 gnum
372 2607 695 2675 affectaret,
725 2608 1003 2678 proditio,
1029 2623 1143 2678 qua
1172 2607 1304 2663 sola
1333 2606 1392 2659 id
1422 2608 1662 2678 assequi
1688 2612 1940 2679 poterat,
1970 2609 2138 2663 time-

167 2694 352 2750 batur.

233 2783 507 2839 Ceterum
562 2784 919 2854 Alexander,
978 2800 1154 2855 quam
1219 2784 1532 2855 regionem
1588 2784 1805 2840 Darius
1858 2786 2129 2855 petisset,

165 2875 323 2926 omni
365 2887 507 2928 cura
550 2875 885 2944 vestiganS,
916 2876 1111 2927 tamen
1154 2873 1468 2942 explorare
1517 2890 1637 2928 non
1675 2875 1922 2944 poterat,
1970 2889 2135 2927 more

163 2962 420 3031 quodam
458 2964 778 3017 Persarum
807 2978 1022 3017 arcana
1049 2977 1261 3034 regum
1297 2963 1448 3017 mira
1491 2963 1803 3018 celaritium
1832 2964 1965 3018 fide.
2000 2963 2134 3019 Non

158 3052 377 3117 metuS,
407 3067 530 3105 non
566 3065 707 3120 spes
735 3051 896 3106 elicit
914 3065 1143 3117 vocem,
1166 3066 1281 3121 qua
1313 3051 1638 3121 prodantur
1667 3052 1912 3112 occulta.
1951 3052 2137 3106 Vetus

168 3136 475 3212 disciplina
514 3156 726 3212 regum
756 3142 1059 3196 silentium
1085 3142 1225 3196 vitae
1272 3142 1534 3213 periculo
1564 3148 1845 3202 sanxerat
1885 3162 1899 3199 ε
1932 3144 2138 3216 lingua

232 3339 297 3385 23.
329 3343 587 3400 Mitylenen.
620 3343 855 3399 Mitylene,
877 3345 1079 3399 capitale
1096 3344 1153 3390 de
1173 3345 1272 3391 l'ile
1302 3345 1360 3390 de
1377 3347 1564 3402 LesboS,
1587 3335 1741 3392 sit‘uee
1759 3358 1820 3391 au
1839 3347 1928 3392 sud
1947 3348 2004 3393 de
2025 3349 2139 3403 Filo,

186 3397 337 3447 bisant
358 3407 455 3450 sace
481 3408 508 3450 a
538 3409 583 3450 la
599 3407 704 3450 cote
731 3407 903 3450 d'asie.

241 3464 286 3507 Ἃ
331 3468 529 3521 Imbrum,
555 3469 619 3511 ile
647 3469 702 3513 de
718 3470 760 3511 la
784 3480 881 3511 mer
903 3466 1040 3523 Egee,
1063 3479 1154 3512 non
1178 3470 1273 3514 loin
1297 3471 1355 3515 de
1384 3471 1429 3515 la
1445 3471 1546 3515 cote
1575 3473 1632 3515 de
1651 3471 1839 3514 Thrace.

245 3526 306 3572 Vl.
338 3553 382 3562 —
411 3536 454 3579 1.
489 3531 773 3585 Babyloniam
802 3532 1048 3574 convenire.
1079 3534 1265 3576 Comme
1281 3532 1309 3576 a
1328 3533 1372 3576 la
1394 3533 1609 3588 question
1632 3533 1742 3576 unde
1768 3534 1854 3588 (lv,
1877 3544 1944 3584 ιιι.
1968 3538 2075 3576 note
2096 3532 2142 3584 9)

208 3593 297 3632 Nec
316 3591 391 3636 des
416 3606 549 3637 noms
571 3594 628 3637 de
650 3604 758 3648 pays
788 3594 958 3645 Quinte
974 3597 1122 3637 Cui-ce
1144 3601 1269 3639 omet
1293 3596 1337 3638 la
1356 3596 1659 3650 preposition.

46 3687 95 3948 l
1925 3688 1956 3734 5

2177 565 2209 620 ts

2213 567 2247 621 19

2186 1816 2221 1869 ΕΘ

2188 2793 2224 2846 CI
