2517 3975
576 272 967 312 ms'ronmnun
1004 271 1335 310 ALExANnm
1377 264 1457 322 iv,
1498 270 1624 306 xm.
1987 250 2090 305 105

183 369 431 429 circumiri
459 384 659 447 posset
686 397 719 435 a
741 381 1132 447 multitudine,
1158 379 1425 433 ultimum
1456 392 1671 448 agmen
1693 375 1888 430 valida
1911 392 2091 430 manu

180 460 416 519 cinxerat.
438 467 661 523 Cornua
684 485 918 542 quoque
939 469 1227 524 subsidiis
1246 467 1522 533 firmavit,
1547 482 1669 520 non
1693 470 1851 520 recta
1873 464 2087 531 fronte,

179 551 259 603 sed
285 567 314 605 a
339 553 506 611 latere
534 559 768 628 positis,
813 562 898 627 ut,
947 559 1000 613 si
1047 558 1241 612 hostis
1280 556 1713 611 circumvenire
1748 556 1934 610 aciem
1964 561 2094 608 ten-

178 639 341 705 tasset,
376 650 568 713 parata
596 662 812 719 pugnae
841 647 1062 704 forent.
1099 647 1211 700 Hic
1244 645 1493 716 Agriani
1522 651 1711 713 erant,
1747 643 1963 715 quibus
1994 644 2093 697 At-

173 726 300 782 talus
323 738 577 802 praeerat,
609 735 905 807 adjunctis
931 736 1263 806 sagittariis
1283 735 1303 755 *
1337 733 1743 799 Cretensibus,
1765 733 2094 786 -ultimos

2150 643 2211 697 31

174 815 379 873 ordines
404 823 611 877 avertit
639 841 674 879 a
712 825 904 880 fronte
923 824 983 891 ¹⁹,
1018 827 1081 879 ut
1114 827 1293 878 totam
1330 823 1514 877 aciem
1543 822 1689 877 orbe
1717 823 1995 888 muniret,
2026 852 2096 861 -
2178 832 2185 845 ·

171 901 326 973 illyrii
351 906 441 963 hic
461 919 648 980 erant,
671 912 954 982 adJuncto
986 912 1173 967 milite
1201 911 1474 967 mercede
1501 910 1815 978 conducto,
1837 909 2122 963 Thracas·

170 1003 368 1062 quoque
416 1000 592 1053 simul
648 1000 949 1071 obJecerat
1003 1000 1212 1054 leviter
1253 1006 1533 1055 armatos.
1583 998 1866 1069 Adeoque
1910 998 2099 1052 aciem

166 1081 481 1141 versabilem
513 1073 732 1158 posuit,
763 1092 848 1153 ut,
882 1090 984 1160 qui
1020 1089 1208 1144 ultimi
1243 1090 1479 1144 stabant
1516 1103 1592 1143 ne
1622 1088 2095 1155 circumirentur,

167 1171 294 1223 verti
328 1177 511 1231 tamen
552 1180 607 1232 et
646 1177 709 1230 in
747 1176 1000 1233 frontem
1050 1178 1371 1249 circumagi
1417 1180 1687 1247 possent.
1739 1177 1935 1246 Itaque
1977 1192 2100 1230 non

164 1258 320 1323 Prima
373 1279 546 1334 quam
613 1266 828 1333 latera,
888 1281 1005 1321 non
1060 1267 1244 1321 latera
1310 1264 1628 1320 munitiora
1693 1264 1860 1319 fuere
1925 1279 2100 1336 quam

163 1348 323 1417 terga.

172 1432 315 1501 ΑΗΒ
363 1439 439 1493 ita
489 1440 806 1508 ordinatiS,
852 1442 1116 1512 praecipit
1171 1444 1261 1508 ut,
1314 1441 1366 1495 si
1414 1440 1657 1495 falcatos
1704 1455 1917 1494 currus
1967 1453 2100 1493 cum

162 1520 361 1581 fremitu
390 1530 629 1584 barbari
658 1530 1006 1598 emitterent,
1040 1531 1180 1601 ipsi,
1214 1530 1428 1584 laxatis
1455 1528 1784 1599 ordinibus,
1817 1529 2100 1598 impetum

159 1609 559 1673 incurrentium
607 1620 853 1675 silentio
894 1621 1254 1691 exciperent,
1298 1619 1452 1674 haud
1505 1618 1720 1673 dubius
1766 1618 1899 1673 sine
1945 1632 2102 1672 noxa

160 1702 586 1762 transcursuros
604 1707 664 1777 ⁸⁰,
689 1710 741 1762 si
769 1725 940 1763 nemo
971 1725 1036 1763 se
1068 1712 1392 1779 opponeret
1423 1725 1436 1761 z
1473 1708 1572 1762 sin
1602 1710 1796 1763 autem
1824 1707 1955 1762 sine
1983 1705 2103 1762 fre-

157 1789 276 1845 mitu
310 1793 722 1863 immisissent,
759 1812 864 1852 eos
904 1799 1019 1868 ipsi
1071 1799 1329 1852 clamore
1374 1801 1690 1861 terrerent,
1733 1797 2100 1867 pavidosque

66 1924 67 1931 ,
156 1891 318 1948 equos
356 1884 488 1940 telis
511 1886 534 1906 *
567 1887 861 1956 utrimque
891 1885 1279 1943 suffoderent.
1321 1885 1434 1952 Qui
1468 1887 1752 1941 cornibus
1787 1890 2097 1956 praeerant,

158 1971 445 2029 extendere
490 1991 565 2031 ea
593 1957 800 2046 jussiss‘
821 1976 896 2029 ita
934 1979 995 2031 ut
1033 1991 1144 2030 nec
1187 1975 1779 2048 circumvenirentur,
1822 1974 1876 2028 si
1914 1975 2101 2028 artius

154 2058 364 2129 starent,
385 2081 498 2119 nec
531 2067 732 2119 tamen
760 2064 915 2120 ultra
941 2066 1179 2120 modum
1208 2064 1392 2119 aciem
1424 2063 1816 2126 exinanirent.
1850 2060 2103 2131 Impedi-

156 2152 321 2203 menta
349 2167 484 2207 cum
516 2154 794 2223 captivis,
827 2156 983 2208 inter
1009 2169 1162 2226 quos
1190 2155 1373 2208 mater
1400 2152 1682 2221 liberique
1711 2150 1876 2204 Darii
1905 2151 2102 2205 custo·

66 2307 67 2310 Ἴ
152 2230 460 2310 diebantur,
485 2239 647 2294 haud
676 2239 886 2310 procul
914 2241 1037 2296 acie
1063 2241 1125 2293 in
1156 2241 1311 2295 edito
1343 2239 1490 2294 colle
1521 2238 1843 2304 constituit,
1866 2235 2099 2292 modico

66 2313 67 2380 ζ
150 2325 395 2387 praesidio
441 2329 681 2385 relicto·
734 2329 971 2384 Laevum
1029 2344 1241 2395 cornu,
1289 2329 1447 2383 sicut
1493 2327 1670 2395 alias,
1724 2324 2102 2381 Parmenioni

146 2411 404 2472 tuendum
431 2418 638 2473 datum
666 2437 680 2472 ε
714 2418 844 2488 ipse
872 2420 936 2472 in
969 2419 1177 2473 dextro
1211 2417 1425 2473 stabat.

202 2501 472 2561 Nondum
515 2505 594 2561 ad
620 2506 844 2579 jactum
876 2508 1016 2562 teli*
1045 2511 1463 2579 pervenerant,
1496 2523 1629 2563 cum
1670 2507 1822 2561 Bion
1868 2505 2102 2575 quidam

146 2589 449 2669 transfuga,
485 2599 708 2667 quanto
738 2597 1000 2651 maximo
1020 2597 1058 2625 ⁸¹
1093 2611 1273 2651 cursu
1304 2602 1598 2667 potuerat,
1630 2597 1702 2651 ad
1730 2610 1938 2667 regem
1963 2609 2103 2665 per-

146 2683 302 2752 venit,
334 2685 629 2750 nuntians
665 2685 925 2739 murices
948 2686 970 2706 *
1004 2682 1233 2740 ferreos
1275 2685 1338 2739 in
1375 2688 1595 2740 terram
1634 2684 1931 2740 defodisse
1979 2683 2099 2738 Da-

143 2765 292 2842 rium,
324 2788 446 2845 qua
478 2774 716 2828 hostem
749 2774 978 2844 equites
1007 2774 1373 2829 emissurum
1401 2789 1538 2829 esse
1562 2772 1835 2830 credebat
1848 2773 1908 2843 ⁸²,
1931 2775 2102 2829 nota-

181 2968 244 3019 29.
274 2974 459 3020 Avertit
487 2988 514 3018 a
530 2977 698 3029 fronte.
722 2975 758 3017 11
787 2973 857 3019 les
877 2973 1101 3019 detourne
1130 2976 1248 3020 dans
1276 2986 1341 3019 un
1370 2985 1481 3019 sens
1506 2976 1676 3030 oppose
1696 2987 1757 3020 au
1785 2975 1907 3020 front
1936 2975 1990 3019 de
2016 2975 2098 3018 ba-

137 3031 247 3078 taille
263 3052 273 3086 ;
301 3036 604 3081 &est-a-dire
633 3036 665 3079 il
695 3037 764 3081 les
787 3037 973 3091 dispose
1004 3042 1226 3081 tournant
1255 3039 1300 3080 le
1326 3036 1409 3081 dos
1440 3049 1498 3081 au
1522 3038 1647 3082 front
1675 3037 1733 3083 de
1752 3038 1965 3082 bataille.

178 3095 244 3141 30.
275 3099 460 3153 Dubius,
506 3109 621 3144 avec
649 3109 743 3143 une
779 3099 1064 3153 proposition
1093 3099 1326 3145 infinitiva
1363 3099 1481 3155 pour
1520 3100 1713 3156 regime,
1742 3111 1802 3145 ne
1842 3111 1894 3144 se
1935 3104 2099 3144 trouve

136 3157 260 3210 gnere
285 3168 431 3207 avant
462 3161 708 3206 'rite-Live
737 3178 749 3206 :
773 3162 975 3207 Dictator
1002 3163 1181 3207 minime
1211 3162 1369 3206 dubius
1397 3163 1559 3207 bellum
1586 3175 1681 3207 eum
1708 3163 1779 3207 liic
1800 3161 1981 3219 populis
2007 3161 2096 3205 Pa-

138 3222 212 3263 tres
228 3224 472 3275 jussuros.
507 3227 570 3269 Le
593 3223 820 3269 dietatem·
848 3225 1011 3269 assui-e
1039 3235 1129 3280 que
1155 3225 1200 3269 le
1229 3225 1370 3268 senat
1407 3224 1675 3270 declarerait
1694 3224 1739 3269 la
1767 3234 1933 3279 guerre
1963 3223 1989 3267 a
2018 3233 2096 3266 ces

137 3285 309 3339 reuples
335 3287 471 3340 (Liv.
490 3320 505 3342 ‚
527 3290 596 3339 vi,
627 3288 716 3342 14),
734 3290 794 3331 La
813 3288 1129 3332 construction
1156 3288 1394 3342 classique
1421 3298 1473 3331 se
1505 3287 1590 3330 fait
1611 3298 1695 3342 par
1718 3288 1844 3344 quin.
1882 3286 1973 3330 Non
2001 3288 2099 3327 erat

138 3341 284 3392 dubium
313 3348 425 3405 quin
455 3348 657 3392 Helvetii
678 3348 917 3403 plurimum
938 3354 1145 3405 possent.
1171 3351 1205 3394 11
1234 3350 1392 3392 n'etait
1420 3360 1506 3404 pas
1530 3350 1738 3394 douteux
1772 3359 1864 3403 que
1891 3348 1959 3389 les
1989 3347 2096 3388 Hel-

141 3407 248 3452 vetes
275 3422 338 3455 ne
369 3411 568 3455 fussent
587 3411 684 3454 tres
709 3412 946 3465 puissants
970 3413 1134 3467 (caes.‚
1152 3407 1278 3456 Bello
1309 3410 1453 3465 Gall„
1481 3415 1513 3465 1,
1540 3414 1605 3467 3).

177 3470 243 3515 31.
275 3472 460 3524 Quanto
491 3472 683 3517 maximo
700 3483 834 3516 cursu
860 3483 1038 3518 comme
1057 3485 1183 3530 quam
1212 3472 1398 3516 maximo
1427 3484 1577 3518 cursu.

175 3533 236 3577 ³2.
271 3535 371 3588 Qua
400 3534 635 3582 credebat.
670 3536 862 3591 L’usage
892 3536 1130 3592 classique
1153 3540 1224 3580 est
1257 3537 1301 3579 le
1324 3533 1583 3591 subjonctif
1605 3537 1721 3596 dans
1751 3535 1795 3577 le
1819 3532 1937 3586 style
1970 3528 2097 3574 indi-

146 3600 234 3641 rect.
259 3598 336 3642 Cr.
374 3598 453 3652 m,
482 3608 529 3652 u,
547 3603 653 3641 note
675 3600 750 3643 ³¹1.
1593 3627 1598 3635 .

2156 1440 2224 1496 33

2156 1884 2222 1938 34

2156 2062 2225 2116 35

2156 2509 2224 2565 36
