2517 3975
263 343 322 396 11

260 610 326 665 12

260 877 328 932 13

261 1328 327 1381 14

262 2049 332 2103 16

266 2137 328 2192 17

263 2317 331 2372 18

267 2756 334 2812 19

377 216 448 271 96
1142 230 1194 276 Q.
1236 232 1408 270 0111111
1448 233 1586 271 num

379 346 471 399 est
497 342 713 409 dicere,
736 341 958 396 incerta
986 341 1150 415 regis
1178 341 1509 398 voluntate.
1547 342 1807 398 Tandem
1835 342 2149 398 Parmenio
2181 346 2352 398 antea

386 454 408 480 α
443 432 713 486 suasisse
737 432 774 459 ¹¹
808 430 890 485 ait
928 433 989 484 ut
1028 431 1298 501 captivos
1336 433 1492 501 apud
1533 432 1887 487 Damascum
1923 432 2352 488 redimentibus

380 520 652 575 redderet
685 536 698 576 ε
743 521 1043 592 ingentem
1082 520 1395 589 pecuniam
1447 519 1713 590 potuisse
1751 521 1946 591 redigi
1992 536 2067 576 ex
2114 521 2213 576 his
2253 521 2355 592 qui

381 609 546 665 multi
587 608 774 663 vincti
808 607 1078 662 vivorum
1118 605 1361 662 fortium
1398 612 1758 678 occuparent
1804 624 2038 665 manus.
2085 610 2160 664 Et
2196 626 2355 664 nunc

381 711 740 769 magnopere
783 710 1032 751 censere
1077 697 1140 749 ut
1184 710 1362 749 unam
1405 711 1583 750 anum
1630 700 1686 751 et
1722 697 1872 752 duas
1900 698 2148 767 puellae,
2183 698 2356 753 itine-

381 801 513 840 rum
546 785 964 856 agminumque
985 783 1423 853 impedimenta,
1448 801 1570 837 xxx
1589 784 1855 839 millibus
1886 785 2167 840 talentum
2184 786 2202 806 *
2225 791 2358 840 auri

379 875 694 943 permutet.
730 871 1002 942 Opimum
1033 887 1285 943 regnum
1318 886 1606 943 occupare
1633 888 1814 943 posse
1844 873 2210 943 condicione,
2234 891 2358 929 non

380 959 562 1031 bello,
610 974 719 1014 nec
764 975 1117 1038 quemquam
1155 959 1337 1014 alium
1384 960 1541 1014 inter
1586 960 1806 1014 Istrum
1822 960 1861 987 ¹²
1911 964 1967 1016 et
2011 960 2358 1031 Euphraten

380 1048 724 1120 possedisse
753 1050 943 1102 terras
972 1047 1200 1120 ingenti
1215 1048 1409 1119 spatio
1441 1047 1869 1119 intervalloque
1899 1050 2209 1104 discretas.
2236 1052 2358 1105 Ma-

381 1135 689 1191 cedoniam
735 1150 965 1206 quoque
1011 1137 1207 1207 potius
1254 1137 1600 1207 respiceret,
1644 1152 1817 1207 quam
1848 1138 2056 1192 Bactra
2086 1142 2143 1194 et
2174 1139 2358 1194 Indos

382 1225 733 1283 intueretur.
779 1244 804 1275 »

455 1324 693 1393 Ingrata
731 1323 919 1378 oratio
961 1322 1091 1395 regi
1132 1320 1265 1378 fuit.
1309 1324 1529 1394 Itaque,
1573 1327 1636 1379 ut
1678 1322 1856 1379 finem
1891 1323 2125 1380 dicendi
2165 1324 2353 1380 fecit:

390 1433 411 1459 ιι
446 1410 519 1465 Et
552 1427 689 1484 ego,
720 1410 926 1482 inquit,
958 1413 1269 1482 pecuniam
1309 1427 1483 1483 quam
1531 1410 1786 1481 gloriam
1824 1412 2079 1478 mallem,
2111 1413 2166 1465 si
2210 1412 2359 1465 Par-

383 1499 580 1553 menio
611 1513 808 1553 essem
840 1512 854 1552 :
886 1513 1045 1552 nunc
1072 1497 1416 1553 Alexander
1445 1498 1516 1554 de
1544 1501 1887 1570 paupertate
1920 1514 2172 1553 securus
2203 1515 2360 1568 sum,

385 1590 442 1642 et
487 1602 581 1641 me
628 1602 747 1641 non
800 1588 1184 1641 mercatorem
1241 1588 1484 1642 memini
1530 1602 1696 1654 esse,
1745 1587 1852 1642 sed
1898 1603 2132 1658 regem.
2192 1588 2361 1644 Nihil

386 1675 617 1745 quidem
675 1674 864 1729 habeo
903 1675 1134 1738 venale,
1194 1676 1302 1730 sed
1364 1676 1659 1730 fortunam
1724 1692 1914 1731 meam
1970 1678 2177 1747 utique
2235 1692 2362 1732 non

382 1757 580 1813 vendo
615 1772 628 1812 :
670 1760 938 1828 captivos
977 1759 1030 1813 si
1067 1758 1259 1829 placet
1297 1759 1486 1830 reddi,
1516 1759 1830 1816 honestius
1873 1760 2028 1816 dono
2057 1761 2358 1830 dabimus,

386 1860 562 1917 quam
590 1847 782 1915 pretio
811 1847 1203 1901 remittemuS.
1241 1869 1266 1895 a

457 1944 817 2000 Introductis
861 1942 1070 1999 deinde
1117 1944 1349 2018 legatis,
1403 1945 1475 2001 ad
1513 1944 1670 2001 hunc
1711 1945 1949 2001 modum
1994 1946 2358 2017 respondit:

391 2056 413 2085 α
460 2034 737 2089 Nuntiate
776 2033 955 2087 Dario
990 2049 1106 2102 me,
1146 2049 1280 2105 quae
1308 2034 1550 2089 fecerim
1578 2035 1893 2090 clementer
1920 2039 1977 2090 et
2001 2035 2356 2103 liberaliter,

385 2140 502 2179 nou
533 2122 807 2178 amicitiae
835 2122 967 2194 ejus
1004 2121 1313 2187 tribuisse,
1346 2122 1453 2176 sed
1491 2126 1716 2176 naturae
1754 2139 1922 2178 meae.
1952 2123 2183 2177 Bellum
2224 2141 2363 2180 cum

386 2212 636 2283 captivis
666 2214 722 2266 et
752 2211 993 2265 feminis
1031 2225 1240 2283 gerere
1282 2226 1399 2264 non
1438 2211 1599 2265 soleo
1636 2228 1649 2264 z
1683 2214 1944 2265 armatus
1976 2214 2057 2267 sit
2102 2217 2364 2282 oportet,

386 2317 559 2372 quem
597 2299 843 2355 oderim.
876 2297 1043 2363 Quod
1068 2299 1124 2352 si
1151 2297 1362 2352 saltem
1389 2313 1595 2368 pacem
1627 2298 1924 2354 bonafide
1943 2303 2188 2369 peteret,
2213 2301 2367 2357 deli·

385 2390 655 2444 berarem
693 2387 945 2444 forsitan
972 2402 1049 2440 an
1088 2385 1362 2441 darem¹⁸.
1399 2387 1615 2441 Verum
1649 2388 1974 2455 enimvero,
2001 2404 2134 2442 cum
2173 2390 2366 2445 modo

385 2477 603 2531 milites
632 2491 800 2531 meos
829 2475 1046 2530 litteris
1085 2474 1155 2529 ad
1196 2473 1607 2543 proditionem,
1638 2475 1813 2530 modo
1853 2476 2073 2530 amicos
2112 2476 2188 2529 ad
2229 2493 2372 2547 per-

385 2564 599 2619 niciem
626 2580 814 2619 meam
841 2563 1093 2635 pecunia
1123 2561 1417 2631 sollicitet,
1451 2562 1525 2615 ad
1553 2565 2016 2618 internecionem
2043 2563 2191 2617 mihi
2226 2581 2372 2634 per-

386 2653 725 2723 sequendus
755 2655 864 2721 est,
894 2669 1012 2707 non
1038 2655 1103 2706 ut
1130 2650 1337 2721 justus
1364 2651 1576 2718 hostis,
1600 2651 1705 2706 sed
1734 2655 1795 2706 ut
1822 2667 2145 2721 percussor
2174 2669 2376 2708 vene-

388 2740 556 2798 ficus.
600 2741 990 2797 Condiciones
1028 2757 1171 2796 vero
1221 2740 1406 2809 paciS,
1457 2756 1604 2810 quas
1652 2738 1895 2808 affertis,
1944 2741 1996 2794 si
2041 2755 2373 2811 acceper0,

392 2829 674 2884 victorem
703 2846 835 2885 eum
857 2830 1100 2887 faciunt.
1141 2829 1286 2895 Quae
1317 2831 1451 2899 post
1480 2827 1822 2898 Euphraten
1843 2829 1999 2898 sunt,
2031 2828 2378 2886 liberaliter

387 2917 588 2971 donat.
635 2916 749 2971 Ubi
790 2918 979 2989 igitur
1024 2933 1115 2972 me
1170 2917 1394 2971 adeatis
1453 2915 1624 2970 obliti
1678 2916 1825 2970 estis
1867 2932 1880 2968 ε
1931 2930 2145 2984 nempe
2204 2919 2377 2974 ultra

389 3003 727 3074 Euphraten
756 3006 949 3077 (sum).
975 3008 1280 3064 Summum
1310 3019 1454 3075 ergo
1483 3003 1659 3069 dotis,
1692 3018 1868 3075 quam
1900 3005 2213 3073 promittit,
2247 3012 2384 3062 ter-

389 3093 614 3148 minum
640 3098 833 3148 castra
852 3094 873 3115 *
901 3109 1031 3148 mea
1059 3096 1392 3149 transeunt.
1426 3091 1580 3146 Hinc
1617 3107 1711 3145 me
1750 3091 2044 3161 depellite,
2077 3098 2141 3145 ut
2169 3096 2382 3149 sciam

387 3186 654 3247 vestrum
683 3197 820 3237 esse
847 3199 961 3254 quo
991 3182 1221 3239 ceditis.
1250 3181 1471 3236 Eadem
1499 3181 1846 3236 liberalitate
1875 3180 1974 3234 dat
1999 3180 2143 3234 mihi
2172 3182 2382 3240 filiam

443 3426 515 3466 ¹1.
547 3418 774 3463 Summe.
803 3416 974 3473 Ellipse
998 3417 1060 3461 du
1084 3418 1205 3473 sujet
1233 3419 1291 3463 de
1321 3419 1366 3466 la
1385 3418 1669 3475 proposition
1686 3416 1915 3462 infinitiva
1942 3427 2015 3461 se.

392 3521 401 3532 ,
443 3485 516 3528 12.
549 3483 728 3534 Istrum,
752 3482 869 3525 c'est
897 3481 940 3523 le
963 3480 1178 3525 Danube.

447 3547 519 3591 13.
551 3547 619 3589 An
638 3545 805 3589 darem.
840 3543 911 3587 Ct'.
947 3547 1015 3597 lv,
1042 3554 1107 3593 111,
1139 3547 1244 3586 note
1272 3544 1344 3589 34.
