2517 3975
232 1112 298 1166 31

234 1290 303 1345 32

232 2091 304 2147 35

232 2625 299 2679 37

364 168 469 224 264
1130 192 1184 235 Q.
1226 189 1399 230 enarr
1432 191 1571 231 nur-1

361 309 517 361 men,
549 294 629 348 ita
674 297 738 349 ut
801 309 989 349 sonus
1032 296 1228 366 magis
1267 312 1442 369 quam
1481 312 1678 352 sermo
1724 296 1991 352 exaudiri
2046 299 2232 368 posset
2266 311 2296 348 a

360 397 534 455 rege,
564 398 680 453 quo
724 382 1177 453 significabatur
1224 407 1246 433 α
1281 385 1436 441 male
1482 386 1819 441 instituisse
1874 384 2132 451 GraecOS,
2168 384 2301 454 quod

362 470 601 540 tropaeis
622 471 643 491 *
671 486 878 543 regum
909 472 1211 527 dumtaxat
1240 474 1476 529 uomina
1489 475 1909 542 inscriberent,
1952 472 2141 528 alieno
2170 471 2304 527 enim

359 559 652 632 sanguine
679 564 909 631 partam
937 561 1192 632 gloriam
1220 564 1497 634 intercipi
1515 563 1556 590 ²⁴
1580 583 1631 618 xv.
1665 564 1864 633 Itaque
1892 579 2023 628 rex,
2046 576 2172 616 cum
2190 576 2303 615 sus-

357 649 657 719 picaretur
708 650 1029 722 malignius
1079 650 1339 706 habitum
1397 668 1532 708 esse
1590 668 1947 721 sermonem,
1994 647 2303 721 percontari

357 739 664 807 proximos
693 740 872 809 coepit
911 739 1051 809 quid
1090 755 1163 795 ex
1207 738 1358 795 Clito
1390 742 1714 796 audissent.
1748 741 1839 810 Et,
1869 740 1993 795 illis
2040 739 2114 794 ad
2149 739 2301 793 silen-

358 828 497 882 dum
544 828 874 895 obstinatis,
909 828 1099 884 Clitus
1146 831 1424 900 paulatim
1454 829 1680 901 majore
1724 845 1871 884 voce
1913 828 2170 899 Philippi
2196 828 2302 881 acta

355 917 627 987 bellaque
656 918 719 971 in
748 917 973 972 Graecia
1014 922 1190 989 gesta
1217 922 1659 985 commemorat,
1693 918 1890 972 omnia
1930 916 2301 988 praesentibus

355 1005 706 1074 praeferenS.

427 1093 580 1148 Hinc
608 1095 766 1149 inter
804 1094 1081 1165 juniores
1127 1110 1425 1166 senesque
1451 1099 1578 1150 orta
1607 1096 1907 1150 contentio
1939 1097 2070 1149 est:
2111 1098 2168 1149 et
2189 1108 2297 1160 rex,

356 1180 519 1237 velut
544 1183 838 1251 patienter
882 1185 1110 1239 audiret
1154 1185 1290 1256 quis
1310 1185 1352 1212 ²⁸
1381 1183 1570 1239 Clitus
1609 1184 1913 1239 obterebat
1939 1184 2146 1239 laudes
2172 1183 2300 1253 ejuS,

356 1270 665 1341 ingentem
704 1272 852 1326 iram
896 1276 1273 1343 conceperat.
1312 1272 1607 1341 Ceterum,
1638 1289 1772 1328 cum
1801 1274 1997 1327 animo
2030 1273 2305 1327 videretur

357 1359 769 1429 imperaturuS,
800 1362 855 1416 si
880 1361 1059 1417 finem
1087 1363 1417 1432 procaciter
1445 1365 1580 1438 orto
1607 1362 1877 1417 sermoni
1912 1360 2104 1417 Clitus
2140 1363 2303 1430 impo-

356 1451 544 1515 neret,
586 1449 736 1503 nihil
783 1465 854 1506 eo
909 1451 1261 1519 remittente,
1301 1452 1497 1521 magis
1545 1450 2031 1520 exasperabatur.
2080 1449 2305 1519 Jamque

356 1536 545 1593 Clitus
586 1539 765 1594 etiam
811 1539 1265 1594 Parmenionem
1315 1539 1628 1595 defendere
1668 1537 1940 1608 audebat,
1973 1541 2029 1593 et
2071 1536 2304 1607 Philippi

357 1626 429 1682 de
453 1627 917 1682 Atheniensibus
934 1628 1247 1683 victoriam
1265 1628 1307 1656 '⁶
1334 1628 1666 1683 Thebarum
1697 1627 2049 1698 praeferebat
2077 1626 2304 1690 excidio,

356 1716 648 1771 non-vino
680 1717 876 1782 mode,
905 1716 1011 1771 sed
1039 1717 1216 1771 etiam
1244 1718 1429 1772 animi
1456 1733 1644 1787 prava
1672 1716 2052 1772 contentione
2080 1729 2304 1788 provec-

354 1806 470 1861 tus,
502 1805 592 1859 Ad
619 1805 920 1859 ultimum:
957 1826 983 1855 α
1017 1804 1084 1860 Si
1113 1806 1508 1876 moriendum,
1539 1806 1754 1876 inquit,
1784 1810 1873 1861 est
1899 1821 2007 1875 pro
2034 1809 2114 1873 te,
2138 1804 2303 1859 Clitus

356 1896 448 1948 est
474 1894 740 1963 primus:
775 1896 833 1948 at
869 1909 1004 1948 cum
1053 1894 1323 1952 victoriae
1371 1894 1681 1949 arbitrium
1700 1894 1740 1922 ²⁷
1778 1895 1929 1966 agis,
1962 1895 2303 1964 praecipuum

356 1981 555 2038 ferunt
582 1984 913 2053 praemium,
943 1983 1044 2053 qui
1070 1982 1501 2055 procacissimo
1531 1983 1715 2054 patris
1742 1983 1828 2039 tui
1864 1984 2163 2039 memoriae
2190 1981 2303 2036 illu-

356 2072 518 2125 dunt.
552 2071 915 2141 Sogdianam
945 2073 1253 2143 regionem
1282 2073 1426 2126 mihi
1455 2073 1751 2138 attribuis,
1780 2073 2005 2127 totiens
2047 2071 2303 2128 rebellem

356 2164 416 2214 et
442 2175 562 2214 non
590 2161 767 2215 modo
795 2160 1161 2229 indomitam,
1195 2161 1303 2215 sed
1340 2177 1472 2231 quae
1502 2176 1576 2216 ne
1600 2162 1801 2233 subigi
1838 2161 2075 2232 quidem
2111 2159 2302 2231 possit.

356 2248 558 2302 Mittor
599 2248 672 2301 ad
717 2247 878 2303 feras
926 2249 1177 2314 bestias,
1208 2249 1538 2320 praecipitia
1583 2250 1827 2319 ingenia
1871 2249 2139 2303 sortitas.
2181 2245 2297 2309 Sed,

356 2353 484 2409 quae
532 2335 605 2392 ad
642 2352 737 2391 me
779 2338 1098 2407 pertinent,
1149 2342 1418 2394 transeo.
1481 2337 1738 2408 Philippi
1796 2338 2016 2392 milites
2061 2335 2297 2408 spernis,

356 2426 596 2493 oblitus,
640 2425 755 2480 nisi
800 2426 893 2481 hic
931 2426 1299 2480 Atharrias²⁸
1352 2442 1537 2481 senex
1570 2427 1848 2499 juniores
1902 2441 2163 2499 pugnam
2213 2423 2296 2476 de-

352 2517 675 2570 trectantes
712 2519 1073 2584 revocasset,
1107 2516 1298 2570 adhuc
1337 2532 1451 2571 nos
1482 2517 1641 2571 cirea
1686 2516 2168 2573 Halicarnassum
2190 2513 2294 2567 -hae-

357 2619 532 2658 suros
569 2603 780 2658 fuisse.
811 2603 1114 2670 Quomodo
1144 2605 1332 2674 igitur
1359 2604 1561 2659 Asiam
1591 2591 1765 2659 etiam
1794 2619 1927 2658 cum
1956 2604 2093 2659 istis
2113 2601 2290 2674 junio-

357 2692 528 2746 ribus
573 2691 926 2764 subjecisti‘?
969 2693 1188 2747 Verum
1216 2697 1327 2760 est,
1360 2695 1426 2747 ut
1453 2694 1684 2763 opinor,
1716 2692 1874 2763 quod
1911 2682 2294 2746 avunculum²⁹

288 2844 291 2847 .
357 2783 521 2834 tuum
558 2782 621 2833 in
649 2781 815 2835 Italia
844 2781 1069 2836 dixisse
1098 2785 1346 2849 constat,
1379 2782 1580 2852 ipsum
1626 2783 1689 2835 in
1739 2781 1902 2836 viros
1930 2781 2223 2841 incidisse,
2250 2780 2295 2827 te

359 2868 422 2920 in
450 2868 723 2923 feminaS.
761 2891 784 2918 ι»

410 3073 485 3119 24.
515 3074 747 3118 Entendez
770 3075 983 3132 intercipi
1005 3086 1032 3118 a
1059 3076 1253 3130 reqzbus.

409 3141 482 3181 25.
519 3137 628 3188 Quis
663 3148 778 3190 pour
812 3139 985 3193 quibua.
1035 3137 1106 3185 Cf.
1143 3142 1216 3193 111,
1245 3149 1299 3195 ιι,
1336 3142 1445 3182 note
1478 3138 1521 3183 8.
1546 3159 1601 3171 -
1627 3137 1801 3192 Ellipse
1838 3136 1894 3179 de
1922 3133 2218 3180 l'antecedeut
2248 3139 2290 3174 ea

360 3198 489 3304 neg?
497 3227 510 3241 ⁰
521 3258 777 3303 Victoriam.
797 3259 1038 3306 cheronee
1048 3295 1059 3306 .

410 3324 486 3362 27.
519 3316 787 3360 Arbitrium.
816 3319 887 3364 Ct'.
923 3325 995 3370 vl,
1024 3333 1058 3374 1,
1085 3327 1196 3366 note
1213 3323 1289 3366 17.

412 3382 488 3422 28.
519 3375 776 3419 Amat-rias.
807 3378 877 3422 Cf.
907 3384 957 3432 V,
987 3387 1105 3435 n,5.

363 3435 806 3541 en293÷3⁴Avunoulum
866 3440 1121 3486 Alexandra
1170 3439 1366 3500 d'Epire,
1402 3449 1479 3501 qui
1535 3446 1586 3491 fit
1632 3457 1725 3495 une
1782 3446 2045 3502 expedition
2092 3457 2147 3490 en
2181 3438 2287 3486 ΜΗΘ

2433 2750 2434 2765 ᾼ
2423 2226 2438 2717 Π-ᾼ-α-ᾼομΜ-ι--ιιι
