2517 3975
350 534 418 590 19

344 976 414 1032 20

473 229 578 286 344
1059 217 1062 220 ’
1235 247 1289 292 Q.
1330 246 1502 286 cum-1
1537 247 1675 286 num

472 368 603 407 rum
631 351 922 424 paucitate
953 354 1311 425 contempta,
1329 368 1439 407 rex
1465 368 1504 406 n
1533 352 1836 424 Agrianos
1855 350 2077 406 moenia
2100 351 2405 422 subirejus-

474 442 569 508 sit,
621 446 698 514 et,
746 442 975 497 sensim
1023 442 1407 514 recedentes,
1459 442 1675 497 elicere
1724 445 1890 496 extra
1936 457 2149 496 muros
2192 440 2403 509 hostem,
2472 455 2480 464 ·

473 532 814 585 secuturum
840 529 1096 601 profecto
1115 572 1128 594 ,
1159 530 1217 584 si
1257 530 1467 602 fugere
1497 546 1603 586 eos
1648 531 1935 585 crederet.
1966 530 2245 602 Agriani,
2290 528 2409 583 sicut

471 618 825 689 imperatum
847 621 989 685 erat,
1014 618 1292 674 lacessito
1313 619 1500 686 hoste,
1527 618 1722 673 subito
1747 622 1916 690 terga
1935 621 2244 674 verterunt
2261 638 2274 672 :
2289 633 2411 688 quos

471 705 706 762 barbari
734 706 917 762 effuse
948 710 1271 777 sequentes
1312 708 1373 761 in
1409 708 1580 773 alioS,
1624 708 1779 761 inter
1807 722 1958 777 quos
1991 708 2123 777 ipse
2152 722 2260 761 rex
2293 707 2411 776 erat,

472 795 756 851 incidunt.
792 796 1095 851 Renovato
1126 810 1273 866 ergo
1301 796 1530 867 proeli0‚
1564 811 1640 851 ex
1667 813 1733 850 111
1760 796 2026 849 millibus
2052 795 2415 850 barbarorum

469 900 544 939 nc
574 887 717 939 caesi
745 888 904 953 sunt,
939 883 1097 940 mille
1143 885 1321 954 capti,
1371 885 1553 940 ceteri
1594 884 1889 938 moenibus
1924 884 2101 937 urbis
2147 883 2416 938 inclusifl.

470 973 584 1028 Sed
616 990 754 1042 non,
789 974 848 1027 ut
875 974 1069 1044 prima
1097 974 1298 1043 specie
1351 973 1483 1027 laeta
1515 974 1786 1040 victoria,
1820 974 1901 1026 ita
1949 975 2165 1027 eventu
2214 986 2417 1043 quoque

469 1060 598 1128 fuit,
621 1061 837 1132 quippe
867 1061 1105 1117 barbari
1122 1076 1355 1117 veneno
1386 1063 1681 1116 tinxerant
1713 1062 1944 1133 gladios
1959 1061 2001 1113 *.
2026 1061 2233 1133 Itaque
2260 1058 2419 1115 saucii
2474 1117 2475 1120 Ἴ

469 1148 721 1203 subinde
751 1149 1156 1219 exspirabant,
1190 1165 1299 1205 nec
1329 1166 1505 1205 causa
1535 1155 1655 1205 tam
1703 1153 1962 1204 strenuae
2007 1150 2222 1204 mortis
2264 1165 2415 1204 exco-

397 1255 404 1263 ·
468 1236 643 1308 gitari
671 1241 899 1306 poterat
929 1255 962 1293 a
993 1237 1258 1305 mediciS,
1288 1254 1423 1293 cum
1451 1238 1628 1292 etiam
1655 1237 1818 1293 leves
1846 1239 2042 1311 plagae
2075 1237 2416 1293 insanabiles

340 1331 403 1385 21

341 1616 409 1671 22

340 2236 408 2290 24

337 2591 409 2646 25

340 2767 409 2824 26

467 1328 693 1396 essent.
724 1326 976 1381 Barbari
1005 1330 1200 1382 autem
1229 1332 1614 1398 speraverant
1645 1328 1946 1382 incautum
1976 1329 2032 1381 et
2061 1328 2416 1382 temerarium

466 1429 675 1484 regem
705 1416 898 1486 excipi
928 1431 1131 1487 posse.
1163 1415 1236 1470 Et
1265 1414 1415 1471 forte
1445 1417 1602 1471 inter
1629 1416 2116 1487 promptissimos
2154 1416 2413 1471 dimicans

465 1502 720 1559 intactus
749 1508 1037 1559 evaserat.

537 1610 845 1681 Praecipue
873 1612 1249 1680 Ptolemaeus,
1283 1611 1434 1666 laevo
1467 1610 1714 1666 humero
1758 1612 1969 1665 leviter
2012 1612 2257 1682 quidem
2297 1627 2416 1666 sau-

465 1698 616 1769 cius,
647 1699 754 1753 sed
783 1699 1009 1770 majore
1034 1701 1295 1769 periculo
1325 1715 1497 1769 quam
1529 1700 1772 1755 vulnere
1803 1698 2079 1765 affectus,
2111 1702 2279 1773 regis
2306 1700 2414 1754 sol-

465 1785 830 1842 licitudinem
859 1789 922 1842 in
952 1804 1016 1843 se
1046 1792 1439 1844 converterat.
1473 1788 1775 1859 Sanguine
1810 1788 2166 1859 conjunctus
2206 1792 2340 1852 erat,
2363 1793 2411 1842 et

466 1876 700 1944 quidam
733 1878 1005 1949 Philippo
1035 1878 1301 1949 genitum
1332 1893 1468 1933 esse
1495 1877 1827 1947 credebant,
1866 1880 2024 1932 certe
2067 1877 2259 1948 pelice
2300 1877 2407 1948 ejus

465 1970 657 2025 ortum
688 1969 1012 2024 constabat.
1044 1967 1221 2034 Idem,
1254 1968 1528 2037 corporis
1559 1970 1760 2021 custos
1780 1967 1800 1988 *
1828 1968 2409 2038 promptissimusque

463 2055 731 2123 bellator,
764 2060 820 2110 et
837 2056 1001 2125 pacis
1022 2056 1254 2110 artibus
1276 2071 1447 2126 quam
1476 2055 1700 2109 militiae
1722 2056 1915 2126 major
1935 2059 1991 2109 et
2018 2056 2242 2111 clarior
2265 2074 2278 2110 :
2306 2070 2411 2109 mo-

463 2143 593 2199 dico
634 2144 907 2215 civilique
946 2145 1103 2199 cultu
1122 2144 1183 2212 ¹⁸,
1215 2144 1500 2198 ·liberalis
1547 2146 1610 2198 in
1657 2146 1871 2214 primis
1917 2144 2195 2215 adituque
2245 2145 2411 2206 facili,

465 2232 610 2286 nihil
637 2248 712 2286 ex
735 2231 892 2287 fastu
923 2233 1101 2305 regiae
1130 2236 1559 2302 assumpserat.
1593 2233 1677 2288 Ob
1709 2235 1852 2299 haec,
1885 2234 2075 2303 regi¹⁹
2115 2250 2192 2288 an
2240 2249 2414 2305 popu-

462 2321 690 2375 laribus
737 2323 930 2376 carior
980 2324 1159 2390 esset,
1212 2321 1470 2376 dubitari
1514 2326 1779 2392 poterat:
1812 2326 1936 2376 tum
1984 2326 2146 2378 certe
2176 2326 2417 2392 primum

464 2411 790 2480 expertus²⁰
818 2427 1063 2467 suorum
1094 2413 1345 2479 animoa,
1379 2413 1522 2467 adeo
1552 2416 1615 2466 ut
1642 2413 1960 2481 fortunam,
1992 2413 2055 2465 in
2085 2428 2266 2483 quam
2292 2425 2419 2482 pos-

462 2501 558 2554 tea
587 2500 873 2567 ascendit,
898 2502 958 2553 in
978 2500 1082 2554 illo
1104 2502 1368 2572 periculo
1395 2502 1741 2556 Macedones
1770 2503 2011 2555 ominati
2033 2517 2170 2555 esse
2197 2501 2419 2555 videau-

463 2590 575 2642 tur.
608 2587 835 2658 Quippe
863 2603 980 2643 non
1013 2588 1207 2643 levior
1234 2589 1354 2642 illis
1383 2589 1682 2643 Ptolemaei
1712 2588 1819 2642 fuit
1844 2604 2008 2653 cura,
2040 2604 2219 2658 quam
2247 2586 2414 2659 regis.

464 2675 595 2745 Qui,
630 2678 686 2732 et
712 2676 918 2746 proelio
945 2680 1000 2731 et
1029 2677 1427 2731 sollicitudine
1458 2677 1754 2749 fatigatuS,
1780 2693 1912 2731 cum
1956 2678 2286 2732 Ptolemaeo
2329 2689 2419 2729 as-

464 2765 700 2834 sideret,
728 2765 962 2830 lectum,
996 2765 1058 2818 in
1110 2781 1224 2835 quo
1276 2765 1406 2835 ipse
1447 2767 1866 2836 acquiesceret,
1896 2767 2081 2835 jussit
2109 2764 2335 2819 inferri.
2360 2760 2417 2815 [n

463 2868 637 2925 quem
666 2859 729 2907 ut
758 2869 823 2907 se
852 2856 1092 2924 recepit,
1139 2855 1416 2924 protinus
1458 2854 1632 2909 altior
1673 2855 1978 2908 insecutus
2024 2861 2114 2908 est
2158 2866 2413 2909 somnus.

462 2941 548 2996 Ex
574 2958 688 3012 quo
720 2943 1028 3012 excitatuS,
1069 2958 1178 3012 per
1208 2942 1467 3014 quietem
1498 2942 1721 2997 vidisse
1770 2958 1835 2995 se
1884 2944 2124 3012 exponit
2169 2940 2413 3011 speciem

462 3030 737 3085 draconis
767 3031 1040 3098 oblatam,
1072 3019 1320 3085 herbam
1351 3031 1599 3086 ferentis
1630 3046 1754 3098 ore,
1787 3046 1962 3100 quarn
1993 3030 2207 3085 veneni
2239 3040 2414 3083 reme-

461 3116 622 3171 dium
652 3134 787 3173 esse
835 3123 1264 3175 monstrasset:
1299 3119 1558 3175 colorem
1604 3135 1833 3191 quoque
1872 3119 2074 3174 herbae
2116 3115 2405 3177 referebat,

515 3382 589 3422 17.
616 3376 786 3420 [nolu-ai
814 3382 1038 3424 maenibus.
1071 3351 1123 3424 Cf
1140 3415 1151 3426 .
1169 3387 1279 3425 note
1296 3386 1341 3428 9.

516 3439 586 3479 ¹8.
625 3436 763 3477 Civili
779 3439 915 3492 cultu,
947 3451 1090 3492 genre
1116 3443 1172 3485 de
1197 3443 1273 3487 vie
1299 3444 1528 3492 modeste.

519 3501 582 3540 19.
613 3495 724 3547 Rem·
743 3506 798 3536 an
820 3501 1125 3551 popularibus.
1151 3504 1328 3557 Ellipse
1348 3506 1406 3549 de
1434 3510 1596 3550 utrum.
1629 3507 1700 3551 Cf.
1735 3509 1925 3561 111,vm,
1956 3510 2064 3550 note
2095 3510 2159 3551 ¹3.

514 3559 587 3600 20.
622 3555 858 3610 Expertus,
881 3570 996 3606 s.-e.
1032 3566 1121 3605 est.
