2517 3975
464 219 569 274 128
1228 236 1284 281 Q.
1326 235 1497 274 cmm
1536 235 1672 273 num

341 343 408 401 16
536 343 688 412 Rex,
736 342 1007 398 Persidis
1052 341 1230 397 finem
1281 341 1577 410 aditurus,
1616 340 1770 397 Susa
1809 342 2021 398 urbem
2058 342 2349 400 Archelao
2379 344 2432 397 et

461 431 808 501 praesidium
838 448 901 485 111
930 431 1181 485 millium
1207 431 1447 485 tradidit
1488 447 1501 484 ε
1542 430 1879 500 Xenophilo
1910 431 2069 484 arcis
2102 445 2245 484 cura
2273 445 2429 484 man·

461 519 595 574 data
624 527 735 587 est,
760 521 918 574 mille
945 519 1334 575 Macedonum
1354 519 1396 548 ¹⁸
1424 522 1593 574 aetate
1616 519 1901 591 gravibus
1931 519 2256 590 praesidere
2281 518 2429 573 arcis

339 610 403 668 17
462 607 744 662 custodiae
767 607 965 678 jussis
1008 622 1020 662 :
1073 607 1492 663 thesaurorum
1539 606 1841 662 Callicrati
1870 608 2051 662 tutela
2080 608 2422 678 permissa:

461 699 731 767 satrapea
794 698 1062 767 regionis
1118 697 1387 752 Susianae
1426 697 1467 724 ¹⁸
1520 698 1788 752 restituta
1849 697 2128 752 Abulitae.
2188 697 2426 751 Matrem

337 789 404 843 18
460 800 692 856 quoque
731 788 787 841 et
824 783 1049 841 liberos
1085 787 1254 858 regis
1302 786 1363 839 in
1406 786 1611 841 eadem
1654 786 1795 841 urbe
1844 786 2105 856 deponit.
2150 787 2230 840 Ac
2279 785 2427 840 forte

459 874 874 930 Macedonicas
919 878 1121 930 vestes
1163 875 1526 945 multamque
1572 889 1911 946 purpuram,
1943 874 2103 929 dono
2134 890 2209 930 ex
2239 875 2427 928 Mace-

459 964 636 1019 donia
667 964 782 1019 sihi
813 964 1079 1028 missam,
1124 979 1258 1019 cum
1306 964 1421 1031 his,
1472 979 1607 1036 quae
1656 963 2049 1031 confecerant,
2097 962 2427 1042 tradi-Sisi-

459 1051 658 1124 gambi
696 1050 865 1122 jubet
891 1081 966 1092 —
993 1052 1154 1107 omni
1200 1066 1456 1122 namque
1500 1051 1725 1106 honore
1774 1067 1905 1105 eam
1954 1054 2009 1105 et
2049 1050 2158 1104 filii
2196 1065 2425 1121 quoque

335 1145 402 1200 19
458 1139 672 1207 pietate
719 1139 1289 1216 prosequebatur—
1320 1139 1743 1209 admonerique
1784 1137 1992 1209 jussit,
2035 1141 2117 1206 ut,
2164 1138 2220 1192 si
2263 1138 2425 1192 cordi

457 1241 692 1297 quoque
721 1227 908 1282 vestis
939 1231 1117 1295 esset,
1149 1227 1446 1283 conticere
1488 1242 1618 1282 eam
1663 1230 1871 1297 neptes
1914 1242 2058 1280 suas
2089 1226 2423 1281 assueface-

457 1319 547 1370 ret
579 1333 592 1370 z
625 1315 781 1371 dono
811 1333 898 1388 se,
931 1333 1062 1386 quae
1093 1316 1393 1385 docerent,
1425 1316 1592 1372 dare.
1632 1316 1723 1370 Ad
1752 1315 1903 1370 hanc
1929 1331 2135 1370 vocem
2161 1315 2423 1370 lacrimae

455 1405 679 1460 obortae
727 1407 1040 1476 prodidere
1085 1407 1350 1461 animum
1399 1405 1769 1477 aspernantis
1808 1405 1868 1459 id
1906 1420 2124 1460 munus
2157 1422 2171 1458 t
2209 1405 2422 1476 quippe

454 1509 574 1549 non
596 1494 753 1548 aliud
776 1495 963 1565 magis
984 1495 1046 1550 in
1068 1494 1477 1549 contumeliam
1507 1494 1825 1548 Persarum
1845 1492 2081 1548 feminae
2109 1494 2418 1564 accipiunt,

328 1587 397 1642 20
455 1598 628 1653 quam
676 1582 995 1638 admovere
1033 1583 1186 1638 lanae
1225 1599 1458 1637 manus.
1493 1583 1800 1647 Nuntiant‚
1832 1582 1934 1652 qui
1963 1581 2117 1636 dona
2145 1583 2418 1647 tulerant,

453 1670 683 1724 tristem
731 1685 869 1724 esse
913 1669 1333 1741 Sisigambim;
1375 1671 1670 1743 dignaque
1707 1684 1809 1725 res
1850 1672 1905 1723 et
1948 1670 2335 1724 excusatione
2372 1673 2423 1724 et

453 1757 678 1812 solacio
704 1759 858 1815 visa.
893 1759 1024 1829 Ipse
1045 1774 1199 1831 ergo
1229 1759 1497 1830 pervenit
1530 1759 1602 1814 ad
1632 1774 1762 1814 eam
1791 1762 1847 1814 et
1875 1776 1888 1812 :
1923 1780 1946 1807 α
1980 1759 2187 1826 Mater,
2222 1758 2422 1829 inquit,

454 1845 605 1900 hanc
637 1850 882 1918 vestem,
917 1863 1031 1918 qua
1060 1848 1305 1904 indutus
1336 1864 1491 1918 sum,
1526 1862 1796 1903 sororum
1822 1863 1942 1902 non
1963 1847 2185 1902 donum
2206 1847 2420 1914 solum,

327 1944 391 1999 21
454 1934 560 1991 sed
607 1937 784 1992 etiam
833 1952 985 2008 opus
1014 1936 1181 1993 vides
1218 1955 1232 1992 ε
1276 1937 1469 1994 nostri
1500 1937 1781 2009 decepere
1812 1951 1905 1992 me
1930 1951 2151 1992 mores.
2183 1934 2342 1992 Cave
2361 1936 2417 2003 ¹⁶,
2493 1921 2494 1948 ³

453 2025 735 2095 obsecro,
785 2026 847 2080 in
891 2028 1303 2081 contumeliam
1359 2028 1665 2098 acceperis
1709 2027 2152 2099 ignorationem
2198 2042 2411 2081 meam.

451 2114 593 2181 Quae
621 2116 707 2169 tui
736 2116 922 2170 moris
951 2131 1089 2171 esse
1117 2116 1393 2188 cognovi,
1424 2119 1488 2170 ut
1519 2130 1718 2186 spero,
1741 2115 1977 2170 abunde
1996 2118 2237 2170 servata
2264 2117 2418 2170 sunt.

325 2210 395 2267 22
453 2203 588 2259 Scio
611 2204 766 2274 apud
788 2219 900 2257 vos
924 2203 1044 2258 filio
1067 2204 1130 2258 in
1158 2205 1479 2274 conspectu
1507 2203 1716 2271 matris
1736 2203 1905 2259 nefas
1925 2220 2062 2259 esse
2087 2205 2421 2272 considere,

451 2292 576 2347 nisi
608 2308 739 2347 cum
772 2292 874 2346 illa
905 2293 1173 2362 permisit
1215 2310 1228 2346 ι
1273 2293 1797 2363 quotienscumque
1835 2292 1907 2347 ad
1938 2294 1994 2347 te
2024 2291 2184 2359 veni,
2218 2292 2421 2356 donec,

449 2385 516 2438 ut
544 2381 917 2436 considerem
937 2381 997 2451 ¹⁷,
1028 2396 1345 2448 annuereS,
1398 2381 1664 2436 restiti¹⁸.
1705 2382 2116 2436 Procumbens
2148 2381 2426 2436 venerari

453 2512 558 2555 siun
584 2512 694 2558 dieu
725 2528 736 2557 ε
768 2513 819 2557 In
846 2524 1036 2557 mensam
1067 2512 1251 2557 laticum
1282 2512 1438 2557 libavit
1466 2511 1691 2559 honorem.
1730 2513 1767 2555 ΙΙ
1797 2510 2012 2568 repandit
2042 2524 2126 2556 sur
2156 2511 2202 2555 1⁸
2230 2510 2359 2557 table
2382 2511 2427 2555 le

457 2576 493 2616 ri
509 2588 530 2616 ι]
556 2576 692 2619 offert
709 2586 768 2620 en
790 2575 984 2619 libation
1000 2575 1168 2629 (Vix-3„
1186 2575 1313 2628 AEn.‚
1335 2578 1373 2629 1,
1398 2576 1515 2629 ⁷40),
1538 2580 1585 2618 et
1605 2576 1651 2619 le
1669 2586 1783 2619 sens
1801 2574 1905 2629 plus
1924 2574 2113 2628 general
2130 2575 2188 2619 de
2207 2576 2426 2629 sacrifier,

453 2635 587 2688 nyx-'m‘r
613 2649 666 2680 en
697 2638 915 2692 sacrifice,
944 2649 1195 2681 cormac-rer.
1229 2637 1391 2681 Libere
1422 2638 1514 2681 diis
1542 2638 1699 2693 dapes.
1724 2637 1867 2683 offrir
1894 2636 1980 2681 des
2013 2644 2134 2681 mets
2162 2648 2257 2681 nux
2286 2637 2428 2682 dieux

449 2696 565 2748 [Με
588 2698 714 2754 Lim,
740 2703 921 2750 XXXIX,
949 2698 1042 2755 43).

507 2760 573 2803 u.
608 2761 735 2805 mlle
759 2762 1050 2807 Macedonum.
1073 2762 1198 2806 mlle
1229 2767 1305 2807 est
1332 2761 1627 2817 quelquerois
1659 2761 1875 2816 employa
1904 2771 2080 2805 comme
2111 2772 2174 2805 un
2205 2761 2428 2805 substan-

453 2821 529 2861 lis:
566 2821 736 2866 civitae
764 2824 1078 2869 Plataeemium
1107 2825 1232 2868 mille
1260 2825 1387 2868 misit
1415 2825 1607 2868 militum
1626 2826 1785 2881 (Corn.
1820 2827 1960 2879 Nep.,
1984 2824 2210 2879 Miltiade,
2222 2824 2429 2878 {nmine

445 2894 645 2937 {farsitum
673 2890 801 2930 erant
830 2886 952 2931 inter
966 2888 1114 2931 urbem
1133 2892 1367 2940 castraque
1395 2887 1466 2942 (Τ.
1492 2886 1620 2939 Lim,
1648 2888 1775 2935 xxll.
1803 2886 1893 2941 44).
1919 2909 1975 2919 —
2001 2885 2112 2929 nais
2142 2892 2268 2931 cette
2285 2896 2425 2929 cons-

449 2945 652 2991 truction
689 2946 747 2991 de
770 2947 896 2993 mille
923 2948 994 2992 n'a
1029 2950 1129 2995 lieu
1163 2950 1436 2993 d'ordinaire
1460 2960 1551 3004 que
1580 2959 1696 3003 pour
1724 2950 1767 2992 le
1801 2947 2050 2992 nominatis
2065 2953 2113 2991 et
2142 2947 2423 2999 laccusatin

449 3009 538 3049 cilc-
569 3014 643 3052 est
671 3009 765 3053 tres
796 3021 898 3055 rare
933 3011 960 3055 a
996 3024 1060 3056 un
1089 3017 1221 3058 autre
1249 3022 1346 3056 cast.
1377 3017 1445 3055 On
1484 3010 1733 3055 attendrait
1769 3011 1889 3055 donc
1918 3011 2033 3055 chet
2060 3011 2231 3063 Quinte
2275 3012 2424 3094 curce

442 3069 569 3113 mille
587 3069 906 3126 Hac-edonibw,
934 3072 1058 3118 mille
1077 3074 1206 3118 etant
1233 3074 1447 3127 adjectif.

497 3132 564 3177 ¹5.
599 3130 819 3178 Susiana.
852 3138 911 3178 La
945 3136 1136 3180 Susiane
1174 3142 1246 3180 est
1276 3148 1369 3180 une
1399 3134 1549 3191 partie
1578 3135 1637 3179 de
1667 3140 1792 3180 cette
1817 3135 1998 3190 grande
2039 3134 2198 3189 plaine
2220 3132 2365 3179 situee
2395 3144 2424 3175 a

442 3194 551 3238 l'est
567 3194 624 3238 de
652 3193 698 3237 la
719 3197 863 3249 partie
892 3197 1143 3242 inrerieure
1171 3200 1233 3242 du
1266 3198 1426 3242 bassin
1455 3199 1517 3242 du
1544 3200 1701 3253 Tigre;
1735 3197 1779 3241 le
1808 3208 1941 3253 pay&
1972 3198 2051 3253 qui
2086 3209 2116 3241 ο,
2135 3196 2267 3254 porte
2288 3194 2426 3240 diffe-

441 3263 570 3300 rents
601 3266 748 3309 noms,
773 3258 873 3303 doit
896 3259 1018 3303 celui
1047 3260 1105 3305 de
1130 3260 1330 3305 Susiane
1359 3261 1387 3304 ὲ
1415 3262 1459 3306 la
1487 3260 1597 3304 ville
1624 3260 1883 3315 principale
1912 3262 2052 3305 Suse.

494 3318 568 3362 16.
604 3320 729 3361 Avec
757 3330 877 3369 care,
905 3332 964 3364 on
981 3323 1238 3376 n'exprime
1259 3334 1317 3366 ou
1338 3333 1397 3367 on
1427 3323 1676 3378 n’exprime
1701 3334 1784 3376 pas
1812 3334 1887 3367 ne.

494 3383 567 3426 17.
608 3380 664 3425 Ut
693 3382 982 3427 considerem.
1012 3385 1131 3428 Chez
1158 3384 1230 3428 les
1256 3386 1460 3437 Gaquis,
1492 3386 1537 3429 le
1562 3386 1707 3441 jeune
1737 3384 1922 3430 homme
1959 3396 2018 3430 ne
2049 3384 2212 3430 devait
2234 3394 2329 3439 pu.
2349 3392 2421 3426 en

440 3444 614 3498 public,
646 3442 860 3488 s’asseoir
901 3445 1071 3489 devant
1106 3457 1189 3489 son
1218 3447 1347 3501 pere.
1382 3447 1548 3491 Filium
1572 3448 1745 3501 puerili,
1769 3451 1901 3491 oetate
1930 3448 1978 3492 in
2016 3448 2195 3501 publico
2226 3449 2270 3492 in
2299 3456 2423 3490 com-

436 3509 570 3559 pecta
594 3505 744 3560 patris
771 3506 987 3549 assistere
1009 3510 1137 3560 turpe
1165 3508 1329 3554 ducunt
1359 3509 1525 3564 (Coes.,
1548 3509 1674 3553 Bello
1705 3509 1851 3563 Gall„
1876 3512 1945 3566 vl,
1975 3510 2063 3565 18).

497 3569 568 3614 ¹8.
602 3566 787 3620 uestiti,
809 3567 867 3611 de
886 3566 1070 3613 reciaco,
