2517 3975
68 2746 79 3225 Ussffvv—ffiss„

658 278 1053 318 ms’romanuu
1088 278 1419 317 Ani-,xantum
1458 277 1541 330 iv,
1581 255 1621 316 ι’.
2057 264 2127 319 53

205 380 452 447 nymum⁸¹
483 384 792 455 quendam,
822 385 1004 458 longa
1023 386 1065 415 ⁸³
1094 385 1330 458 quidem
1357 383 1715 455 cognatione
1744 385 1914 456 stirpi
1944 388 2127 459 regiae

201 466 476 537 adnexum,
509 472 612 526 sed
649 473 724 528 ob
769 475 1032 545 inopiam
1077 473 1485 540 suburbanum
1511 473 1748 527 hortum
1778 475 1995 545 exigua
2026 492 2126 531 co·

199 553 386 610 lentem
412 559 574 628 stipe.
597 559 791 616 Causa
825 563 880 617 ei
908 562 1298 633 paupertatis,
1322 562 1475 615 sicut
1501 561 1828 632 plerisque,
1859 564 2128 632 probitas

196 645 338 697 erat:
379 644 746 720 intentusque
801 651 970 720 operi
1015 651 1252 719 diurno,
1295 649 1610 720 strepitum
1654 664 1974 716 armorum,
2026 652 2128 721 qui

194 730 569 789 totam-Asiam
608 741 1016 805 concusserat,
1048 754 1170 794 non
1215 737 1590 792 exaudiebat.
1631 734 1844 792 Subito
1887 738 2124 803 deinde,

192 815 254 871 de
283 821 538 889 quibus⁸⁴
575 828 709 880 ante
742 827 964 881 dictum
995 830 1107 896 est,
1150 841 1286 881 cum
1326 827 1512 895 regiae
1548 826 1741 880 vestis
1777 825 2124 898 insignibus

192 904 395 963 hortum
426 912 668 984 intrant,
697 931 870 986 quem
901 914 1074 984 forte,
1117 915 1359 971 steriles
1398 913 1614 968 herbas
1646 914 1900 984 eligens,
1930 917 2124 971 Abda-

188 992 428 1067 lonymus
471 1004 856 1075 repurgabat.
914 1005 1084 1072 Tum,
1117 1018 1264 1075 rege
1292 1019 1363 1060 eo
1392 1004 1665 1070 salutate,
1698 1002 1842 1059 alter
1873 1019 1947 1059 ex
1975 1006 2071 1060 his
2101 1022 2115 1061 :

190 1102 211 1132 α
237 1084 488 1159 Habitus,
525 1093 736 1162 inquit,
769 1092 866 1147 hic
896 1095 1087 1149 vestis
1106 1094 1166 1161 ⁸⁸,
1209 1108 1388 1165 quem
1425 1094 1623 1147 cernis
1655 1094 1716 1146 in
1744 1094 1893 1149 meis
1921 1095 2117 1149 mani-

184 1169 299 1239 bus,
324 1192 444 1232 cum
471 1181 587 1235 isto
618 1182 894 1251 squalore
913 1183 1338 1253 permutandus
1357 1182 1398 1210 ³⁸
1424 1181 1537 1236 tibi
1558 1185 1668 1238 est.
1690 1182 1882 1238 Ablue
1898 1199 2118 1257 corpus

180 1258 356 1320 illuvie
399 1270 681 1339 tetrisque
712 1271 997 1326 sordibus
1027 1270 1372 1341 squalidum
1405 1287 1418 1326 z
1459 1285 1602 1340 cape
1633 1271 1801 1342 regis
1832 1273 2114 1345 animum,

183 1350 227 1400 et
271 1352 329 1405 in
373 1369 500 1410 eam
549 1355 865 1426 fortunam,
916 1374 1033 1429 qua
1076 1360 1301 1431 dignus
1348 1374 1435 1426 eS,
1467 1358 1649 1413 istam
1692 1358 2116 1416 continentiam

177 1440 366 1505 perfer.
395 1443 466 1498 Et
493 1460 632 1499 cum
660 1447 721 1499 in
750 1448 940 1517 regali
969 1447 1121 1503 solio
1150 1447 1467 1513 residebis,
1498 1446 1637 1501 vitae
1684 1447 1963 1517 necisque
1994 1463 2115 1502 om-

179 1526 315 1582 nium
340 1532 561 1587 civium
590 1536 886 1606 dominuS,
916 1551 1058 1591 cave
1079 1537 1119 1565 ³⁷
1163 1536 1545 1591 obliviscaris
1585 1534 1846 1604 habitus,
1886 1535 1950 1589 in
1997 1552 2115 1607 quo

175 1615 366 1686 accipis
386 1634 667 1692 regnum,
699 1622 899 1691 immo,
931 1622 1191 1691 hercule,
1219 1625 1467 1693 propter
1493 1638 1689 1693 quem.
1731 1644 1755 1671 »

228 1702 452 1763 Somnio
499 1710 721 1765 similis
766 1726 866 1767 res
911 1712 1326 1783 Abdalonymo
1373 1712 1685 1768 videbatur
1730 1728 1746 1767 ε
1798 1711 2110 1780 interdum,
2170 1736 2186 1753 ν

173 1793 362 1850 satisne
395 1799 533 1852 sani
573 1804 796 1866 essent,
837 1801 939 1870 qui
975 1803 1096 1855 tam
1131 1804 1413 1872 proterve
1455 1801 1574 1856 sibi
1610 1801 1946 1869 illuderent,
1976 1818 2114 1873 per·

173 1884 507 1942 cantabatur.
542 1884 662 1941 Sed
683 1891 744 1942 ut
764 1890 1063 1944 cunctanti
1082 1889 1326 1961 squalor
1343 1890 1384 1918 ⁸⁸
1404 1890 1643 1945 ablutus
1673 1892 1787 1958 est,
1809 1894 1866 1945 et
1893 1890 2112 1962 injecta

169 1971 331 2028 vestis
356 1990 627 2049 purpura
653 1993 920 2050 auroque
949 1978 1248 2046 distincta,
1271 1983 1326 2035 et
1345 1979 1495 2035 fides
1521 1998 1555 2035 a
1578 1979 1919 2052 jurantibus
1937 1978 2107 2048 facta,

169 2061 306 2117 serio
346 2065 468 2136 jam
512 2083 645 2138 rex,
689 2068 902 2123 iisdem
947 2070 1388 2139 comitantibus,
1432 2070 1496 2123 in
1540 2070 1772 2141 regiam
1819 2070 2109 2138 pervenit.

165 2143 328 2205 Fama
355 2154 583 2224 deinde,
614 2159 680 2211 ut
710 2158 884 2224 solet,
916 2161 1155 2214 strenue
1184 2161 1303 2213 tota
1333 2157 1479 2213 urbe
1509 2158 1811 2212 discurrit.
1843 2157 2109 2212 Aliorum

164 2238 417 2314 studium,
436 2246 695 2301 aliorum
721 2246 1058 2319 indignatio
1087 2246 1422 2302 eminebat:
1445 2245 1835 2301 divitissimus
1860 2247 2110 2317 quisque

164 2320 528 2389 humilitatem
567 2336 950 2406 inopiamque
978 2335 1118 2407 ejus
1159 2336 1316 2406 apud
1354 2334 1619 2390 amicos*
1643 2334 1968 2389 Alexandri
1995 2335 2111 2389 cri-

163 2414 488 2479 minabatur.
521 2422 771 2478 Admitti
819 2440 955 2480 eum
994 2441 1104 2479 rex
1153 2425 1430 2495 protinus
1459 2423 1665 2494 jussit,
1708 2423 1929 2494 diuque
1969 2440 2109 2480 con-

163 2500 491 2577 templatus:
541 2534 564 2563 a
599 2511 903 2583 CorporiS,
944 2514 1166 2584 inquit,
1207 2513 1447 2568 habitus
1484 2512 1655 2567 famae
1697 2515 1947 2582 generis
1985 2530 2109 2569 non

160 2602 418 2668 repugnat
452 2615 466 2654 ε
501 2600 611 2656 sed
641 2601 788 2656 libet
828 2601 983 2658 scire
1026 2602 1291 2671 inopiam
1328 2617 1440 2673 qua
1471 2601 1756 2671 patientia
1793 2602 2043 2657 tuleris‘?
2077 2626 2099 2652 ι»

164 2674 286 2734 Tum
307 2685 404 2742 ille
428 2705 443 2742 ε
472 2708 500 2739 ι
536 2687 795 2756 Utinam,
829 2690 1040 2759 inquit,
1072 2689 1282 2745 eodem
1311 2690 1507 2744 animo
1536 2703 1787 2761 regnum
1813 2691 1937 2761 pati
1964 2707 2109 2761 pos-

159 2765 276 2823 sim!
305 2771 397 2828 hae
427 2791 648 2830 manus
677 2776 975 2833 suffecere
1004 2778 1306 2833 desiderio
1334 2792 1467 2833 meo
1494 2791 1508 2831 :
1532 2776 1680 2833 nihil
1701 2778 1938 2834 habenti
1958 2780 2105 2834 nihil

159 2849 328 2914 defuit.
362 2884 385 2911 »
442 2863 683 2935 Magnae
720 2865 941 2923 indolis
979 2868 1285 2938 specimen
1327 2882 1401 2921 ex
1439 2865 1553 2921 hoc
1591 2881 1870 2922 sermone
1908 2867 2105 2926 Abda-
2160 2890 2177 2908 ⁴

194 3027 256 3075 32.
287 3031 649 3091 Abdalonymum.
679 3041 740 3082 ce
760 3049 1054 3095 personnage
1076 3045 1153 3084 est
1171 3039 1337 3095 appele
1362 3050 1445 3094 par
1462 3039 1664 3084 d’autres
1691 3040 1994 3095 Ballonymm.

196 3092 261 3137 33.
290 3094 452 3151 Louqa,
481 3109 599 3152 pour
622 3100 872 3156 longinqua,
890 3107 964 3145 est
979 3102 1218 3157 poetique.

188 3152 254 3198 34.
283 3157 346 3201 De
364 3159 545 3213 quibus.
574 3161 750 3216 Ellipse
777 3163 835 3206 de
856 3164 1166 3208 l'antecedent
1181 3167 1385 3218 juvence.

189 3214 253 3262 35.
284 3219 480 3265 Habitus
500 3223 638 3267 vestis
662 3229 739 3268 est
757 3225 1051 3270 absolument
1069 3227 1374 3282 l'equivalent
1397 3226 1453 3271 de
1473 3225 1613 3272 vestis
1641 3229 1758 3272 seul.

175 3277 252 3343 36.
284 3283 466 3327 nutare
491 3285 665 3340 aliquid
699 3287 851 3342 aliqua
875 3300 940 3343 re,
960 3291 1166 3344 changer
1184 3300 1279 3333 une
1311 3290 1456 3334 chose
1477 3301 1593 3345 pour
1613 3302 1706 3335 nne
1730 3295 1883 3344 autre,
1923 3287 2107 3333 &est-a.

152 3332 229 3402 <lire
240 3353 298 3386 en
316 3357 412 3389 une
438 3351 589 3402 autre,
608 3353 685 3393 est
703 3349 747 3392 la
766 3349 972 3395 locution
995 3353 1203 3396 usuelle.
1243 3352 1301 3395 Te
1318 3364 1481 3408 quoque
1505 3356 1719 3396 mutatum
1738 3357 1873 3407 torvo,
1891 3353 2103 3409 Neptune,

151 3407 324 3451 menno.
345 3407 790 3464 metamorphoseon
814 3424 878 3456 un
907 3416 1329 3468 taureau'sauvage
1351 3414 1520 3468 (ovid,
1549 3415 1685 3468 Men,
1713 3418 1782 3467 Vl,
1808 3414 1919 3468 115).

191 3464 253 3507 37.
284 3467 397 3513 Cave
429 3470 725 3517 obliviscaris.
757 3478 792 3517 A
820 3475 1084 3530 l'imperatir
1118 3476 1240 3528 seul,
1269 3488 1372 3521 cave
1394 3481 1506 3530 peut
1535 3488 1587 3519 se
1610 3477 1873 3520 construite
1898 3486 2006 3519 sans
2030 3485 2098 3517 ne.

155 3518 236 3568 Cave
258 3528 465 3583 ignoscas
487 3533 618 3586 (Cic..
643 3535 765 3593 Liq„
796 3541 845 3591 V,
866 3539 950 3592 14).
973 3538 1084 3582 Cave
1109 3538 1336 3584 existimes
1359 3539 1499 3594 (Cic.,
1517 3537 1759 3592 Fam.‚1x,
1787 3538 1882 3593 24).-

190 3587 250 3634 38.
280 3590 569 3647 ΒᾳιιαιοΜΠ.
590 3600 640 3652 V,
671 3610 732 3652 vi,
759 3606 868 3644 note
892 3600 962 3644 12.

2181 747 2213 800 10

2227 747 2244 803 ..-

2177 1014 2210 1067 {Q

2214 1016 2245 1068 Ν)
