2517 3975
372 512 443 569 13

369 867 440 922 14

368 1134 438 1189 15

368 1576 439 1632 16

372 1843 439 1897 17

370 2110 440 2165 18

374 2556 442 2615 19

374 2821 444 2877 20

375 3088 442 3144 21

467 1848 658 1913 ·regia
686 1843 904 1899 cohors
922 1845 962 1897 *.
988 1843 1264 1898 Ceterum
1294 1844 1450 1898 haud
1480 1844 1796 1899 difficulter
1819 1861 1850 1898 a
1870 1849 1956 1900 tot
1983 1847 2255 1901 millibus
2283 1862 2442 1900 arma-

498 209 604 265 376
1258 227 1312 272 Q.
1356 228 1526 265 cuna-1
1565 227 1700 265 num

497 338 621 393 Nec
648 336 803 392 velle
847 353 957 392 nec
1004 337 1160 390 nolle
1210 338 1525 407 quicquam
1568 337 1670 390 diu
1700 336 1993 407 poterant,
2024 333 2439 403 paenitebatque
2478 309 2479 398 l

494 425 667 480 modo
697 426 953 494 consilii,
983 425 1155 479 modo
1193 426 1551 495 paenitentiae
1582 425 1796 496 ipsius.
1821 425 1914 477 Ad
1952 424 2231 476 ultimum
2267 425 2443 475 tamen

493 517 557 568 in
585 516 829 584 stirpem
854 515 1078 585 regiam
1105 514 1465 569 inclinavere
1488 514 1725 570 studiiS.
1759 514 2041 568 Cesserat
2082 527 2156 565 ex
2187 511 2445 565 contione
2478 541 2479 568 l

491 604 865 675 Arrhidaeus,
911 604 1250 675 principum
1295 605 1640 659 auctoritate
1677 604 2054 671 conterrituS,
2088 603 2166 671 et,
2213 593 2479 654 abeunte³

492 694 615 760 illo,
658 694 1021 749 conticuerat
1050 693 1244 764 magis
1268 709 1442 763 quam
1465 693 1815 764 elanguerat
1832 693 2110 747 militaris
2130 694 2326 750 favor.
2352 693 2454 746 Ita·
2478 687 2479 694 ’

494 800 628 855 que,
662 785 994 847 revocatus,
1026 785 1252 836 vestem
1274 782 1316 809 ¹³
1342 782 1563 852 fratriS‚
1613 797 1744 836 eam
1782 783 1975 851 ipsam
2015 799 2150 853 quae
2202 784 2268 837 in
2314 782 2455 836 sella

492 873 683 944 posita
712 871 919 937 fuerat,
943 871 1225 925 induitur.
1259 870 1333 925 Et
1360 871 1675 941 Meleager,
1706 871 1947 924 thorace
1968 871 1989 891 *
2020 876 2283 942 sumpto,
2308 872 2457 938 capit

491 977 675 1027 arma,
705 960 846 1013 novi
894 959 1060 1030 regis
1106 959 1360 1013 satelles,
1402 959 1683 1029 Sequitur
1728 959 1986 1029 phalanx
2005 961 2046 1026 *,
2086 961 2322 1015 hastis*
2363 960 2457 1013 eli-

491 1049 673 1120 peos*
702 1049 994 1117 quatienS,
1030 1049 1338 1118 expletura
1379 1065 1445 1103 se
1489 1050 1772 1119 sanguine
1810 1048 2048 1102 illorum
2081 1051 2186 1119 qui
2219 1048 2479 1124 affecta-³

489 1141 699 1192 verant
742 1135 890 1190 nihil
938 1137 1012 1190 ad
1046 1137 1216 1206 ipsos
1252 1138 1565 1206 pertinens
1607 1151 1880 1206 regnum.
1928 1138 1997 1190 In
2043 1138 2255 1192 eadem
2290 1137 2479 1202 domo¹

489 1225 828 1293 familiaque
893 1224 1129 1294 imperii
1177 1225 1344 1279 vires
1405 1241 1789 1279 remansuras
1854 1241 1995 1279 esse
2059 1227 2399 1296 gaudebant
2437 1239 2448 1276 :
2478 1259 2479 1262 =

495 1337 517 1364 α
562 1313 980 1368 hereditarium
1030 1314 1345 1384 imperium
1401 1315 1649 1384 stirpem
1703 1314 1928 1384 regiam
1984 1315 2447 1378 vindicaturam3
2478 1295 2479 1352 ἕ

492 1405 769 1458 assuetos
800 1417 934 1457 esse
963 1417 1179 1457 nomen
1218 1404 1412 1471 ipsum
1441 1403 1638 1457 colere
1669 1403 2088 1473 venerarique,
2122 1419 2233 1458 nec
2264 1419 2448 1474 quem-
2478 1395 2479 1402 '

491 1508 663 1563 quam
692 1492 754 1546 id
782 1507 1012 1562 capere,
1044 1491 1165 1545 nisi
1193 1493 1459 1562 genitum
1492 1483 1857 1562 ut'regnaret
1891 1515 1939 1545 ι».

560 1580 751 1652 Igitur
780 1580 1062 1634 Perdicca
1089 1580 1355 1644 territus,
1389 1581 1691 1646 conclave,
1724 1581 1787 1635 in
1815 1596 1931 1651 quo
1960 1580 2295 1635 Alexandri
2332 1596 2445 1635 cor-

491 1685 606 1740 pus
642 1667 899 1738 jacebat,
946 1668 1220 1721 obserari
1257 1667 1443 1738 jubet.
1485 1685 1559 1723 Dc
1605 1684 1741 1722 cum
1786 1669 1915 1738 ipso
1965 1674 2132 1723 erant
2180 1673 2440 1740 spectatae
2478 1681 2479 1716 l

492 1755 755 1819 virtutis;
782 1755 1140 1809 Ptolemaeus
1164 1771 1396 1826 quoque
1425 1771 1491 1811 se
1512 1756 1603 1826 adj
1619 1761 1868 1811 unxerat
1887 1757 1963 1823 ei,
1988 1759 2441 1828 puerorumque*

492 1937 687 1988 torum
730 1932 988 1988 claustra
1034 1932 1332 2002 perfracta
1376 1937 1526 1988 sunt.
1579 1933 1652 1988 Et
1707 1950 1814 1988 rex
1852 1950 2087 2005 quoque
2137 1939 2436 2007 irruperat,
2478 1923 2479 1976 3

495 2024 746 2091 stipatus
777 2022 1095 2076 satellitum
1133 2023 1330 2088 turha,
1373 2032 1622 2091 quorum
1661 2024 1943 2093 princeps
1982 2024 2287 2096 Meleager
2324 2028 2439 2079 erat.
2478 2050 2479 2093 3

496 2112 792 2182 Iratusque
821 2111 1097 2166 Perdicca
1128 2110 1259 2179 hoS,
1295 2111 1395 2182 qui
1421 2111 1743 2166 Alexandri
1771 2128 1990 2182 corpus
2020 2114 2179 2167 tueri
2218 2115 2438 2177 vellent,

495 2202 783 2254 sevocat:
826 2199 952 2269 sed,
994 2199 1095 2269 qui
1150 2198 1508 2267 irruperant,
1567 2199 1795 2253 eminus
1836 2201 1990 2255 tela*
2021 2202 2080 2254 in
2121 2202 2323 2272 ipsum
2357 2202 2435 2271 ja·
2478 2200 2479 2229 ³

495 2290 748 2344 ciebant.
808 2289 1122 2358 Multisque
1182 2289 1530 2354 vulneratis,
1578 2290 1814 2343 tandem
1857 2291 2155 2358 senioreS,
2212 2282 2479 2361 demptis}

492 2378 680 2449 galeis
700 2377 741 2445 *,
779 2393 892 2447 quo
940 2376 1172 2431 facilius
1219 2378 1392 2431 nosci
1440 2382 1705 2446 possent,
1737 2380 1968 2448 precari
2027 2396 2138 2434 eos
2190 2382 2438 2451 quicum
2478 2380 2479 2441 j

493 2467 776 2521 Perdicca
804 2469 989 2533 erant,
1020 2481 1274 2535 coepere,
1308 2470 1371 2520 ut
1392 2466 1949 2534 absistet-enthello,
1983 2469 2233 2539 regique
2250 2474 2305 2523 et
2318 2469 2439 2538 plu·
2478 2452 2479 2499 ἒ

495 2555 664 2608 ribus
693 2556 988 2609 cederent.
1020 2554 1259 2607 Primus
1293 2555 1576 2608 Perdicca
1624 2571 1787 2608 arma
1837 2556 2117 2626 deposuit
2164 2560 2442 2625 ceterique

495 2644 646 2699 idem
675 2644 889 2699 fecere.
932 2643 1226 2715 Meleagro
1259 2642 1474 2697 deinde
1511 2644 1794 2699 suadente
1843 2661 1918 2699 ne
1957 2662 1991 2699 a
2040 2662 2292 2717 corpore
2325 2645 2445 2698 Ale-

494 2732 711 2787 xandri
757 2732 1149 2797 discederent,
1201 2730 1439 2785 insidlis
1477 2732 1672 2785 locum
1726 2734 1914 2801 quaeri
1956 2734 2071 2787 rati
2106 2734 2175 2802 ¹⁴,
2226 2734 2440 2786 diversa

497 2822 681 2894 regiae
707 2823 873 2891 parte
901 2819 976 2873 ad
1001 2818 1347 2888 Euphraten
1377 2819 1579 2890 fugam
1609 2814 1944 2875 intendunt.
1968 2821 2279 2893 Equitatus
2294 2822 2331 2888 *,
2347 2816 2437 2887 qui
2478 2814 2479 2877 ἦ

497 2926 571 2964 ox
600 2908 995 2965 nobilissimis
1023 2908 1314 2980 juvenum
1334 2909 1354 2929 *
1379 2910 1703 2975 constabat,
1729 2910 2069 2964 Perdiccam
2101 2917 2159 2966 et
2180 2912 2435 2964 Leonna-
2478 2962 2479 2977 ἶ

497 3005 621 3055 tum
672 2999 957 3068 frequens
1004 2997 1400 3068 sequebatur,
1452 2999 1833 3068 placebatque
1881 2999 2170 3053 excedere
2209 2998 2339 3052 urbe
2377 3000 2431 3046 et
2478 3010 2479 3043 ;

497 3089 739 3143 tendere
769 3089 831 3141 in
860 3088 1111 3156 campis,
1143 3085 1261 3140 Sed
1285 3087 1563 3141 Perdicca
1596 3103 1670 3141 ne
1698 3088 1927 3157 pedites
1955 3089 2193 3159 quidem
2221 3088 2426 3140 secutu-
2478 3118 2479 3145 2

498 3191 601 3230 ros
631 3178 828 3246 ipsum
856 3175 1235 3253 desperabat:
1270 3176 1485 3245 itaque,
1518 3192 1591 3230 ne
1625 3176 1967 3230 abducendo
2010 3179 2235 3246 equites
2275 3173 2424 3226 abru-

497 3264 662 3333 pisse
678 3265 719 3290 ¹³
747 3281 782 3316 a
810 3268 1004 3317 cetero
1036 3265 1295 3319 exercitu
1324 3265 1642 3333 videretur,
1675 3265 1738 3317 in
1767 3265 1915 3320 urbe
1958 3265 2245 3320 subsistit.

550 3416 624 3459 13.
664 3415 834 3460 Vestem
859 3418 1078 3470 induitur,
1108 3420 1172 3464 cr.
1206 3433 1289 3465 sur
1316 3426 1391 3464 cet
1421 3422 1658 3475 accusatis,
1689 3427 1740 3474 V,
1767 3434 1837 3477 xx,
1865 3428 1975 3468 note
2003 3424 2051 3467 3.

550 3475 627 3519 14.
657 3475 781 3518 Rati.
812 3480 1054 3523 Perdiccas
1081 3487 1129 3525 et
1155 3492 1232 3525 ses
1250 3485 1504 3538 partisans.

554 3540 627 3581 1⁸.
657 3535 914 3590 Abrupim,
942 3549 1074 3587 8.-e.
1104 3554 1201 3586 eoa.
