2517 3975
444 237 550 292 296
1201 255 1256 301 Q.
1297 255 1469 296 CUR'H
1506 257 1642 295 num

446 363 621 418 deum
658 362 1030 417 adorantium
1069 362 1219 435 juga
1265 364 1487 419 montis
1523 364 1820 435 collesque
1863 362 2239 429 resonabant,
2267 375 2365 415 cum

448 455 576 505 orta
606 451 841 505 licentia
880 466 912 503 a
946 452 1171 521 paucis,
1205 455 1268 504 ut
1295 451 1419 506 fere
1448 451 1532 518 fit,
1567 453 1631 505 in
1660 468 1867 506 omnes
1899 467 1965 506 se
2001 454 2245 521 repente
2273 447 2366 502 vul-

324 537 393 594 17
446 542 666 612 gasset.
691 537 919 610 Quippe
939 540 1100 594 velut
1119 542 1181 594 in
1213 541 1402 595 media
1431 556 1574 611 pace
1603 557 1710 611 per
1735 539 1956 595 herbas
1985 543 2366 612 aggestamque

444 628 721 683 frondem
767 631 1150 699 prostravere
1192 645 1465 700 corpora.
1508 628 1581 682 Et
1618 645 1746 696 rex,
1795 628 2099 683 fortuitam
2146 628 2366 681 laetitiam

445 734 569 773 non
613 722 949 794 aversatus,
990 719 1153 790 large
1201 717 1275 772 ad
1323 719 1528 788 epulas
1577 718 1853 773 o'mnibus
1895 718 2203 787 praebitiS‚
2231 731 2365 787 perx
2433 727 2434 736 ¹

446 807 577 862 dies
606 807 821 862 Libero
841 806 864 828 *
894 806 1053 861 Patri
1085 810 1390 878 operatum
1410 808 1450 835 ¹⁷
1481 807 1685 861 hahuit
1714 806 2065 862 exercitum.

325 893 394 948 18
517 895 661 962 Quis
681 898 853 967 neget
881 895 1159 949 eximiam
1177 909 1415 966 quoque
1437 894 1693 966 gloriam
1715 895 1936 965 saepius
1959 893 2206 949 fortunae
2233 904 2366 962 quam

448 986 686 1040 virtutis
735 999 870 1039 esse
912 983 1306 1038 heneficium?
1352 985 1570 1055 quippe
1613 1000 1688 1039 ne
1736 983 2045 1053 epulantes
2083 982 2301 1054 quidem
2335 981 2370 1031 et

448 1074 674 1142 sopitos
702 1087 867 1126 mero
897 1071 1142 1143 aggredi
1172 1087 1357 1126 ausus
1383 1074 1475 1126 est
1493 1071 1710 1136 hostis,
1732 1070 1889 1125 haud
1919 1086 2094 1124 secus
2119 1069 2370 1124 bacchan-

447 1163 594 1216 tium
640 1161 1109 1231 ululantiumque
1150 1159 1388 1214 fremitu
1419 1161 1789 1231 perterritus,
1826 1175 2001 1230 quam
2038 1160 2094 1213 si
2129 1158 2370 1228 proelian-
2439 1217 2440 1232 χ

447 1251 592 1303 tium
621 1249 847 1304 clamor
877 1252 1040 1304 esset
1069 1248 1323 1303 auditus.
1358 1248 1577 1302 Eadem
1614 1248 1865 1303 felicitas
1912 1247 1986 1301 ab
2032 1247 2260 1302 Oceano
2300 1261 2371 1298 re-
2439 1237 2440 1242 ’

448 1339 751 1393 vertentes
769 1338 828 1408 ¹⁸,
861 1337 1218 1393 temulentos
1247 1338 1763 1408 comissantesque
1784 1337 1938 1391 inter
1962 1336 2121 1391 ora¹⁹
2151 1336 2372 1391 hostium

452 1427 622 1484 texit.

327 1508 399 1567 19
522 1515 671 1569 Hine
692 1515 764 1569 ad
789 1515 1116 1587 regionem,
1139 1531 1272 1586 quae
1303 1514 1539 1569 Daedala
1555 1514 1599 1541 ¹⁰
1625 1516 1900 1578 vocatur,
1923 1514 2270 1583 perventum
2287 1513 2373 1564 est.

450 1606 848 1660 Deseruerant
891 1603 1100 1659 incolae
1142 1603 1318 1659 sedes
1348 1607 1405 1658 et
1433 1604 1493 1656 in
1524 1603 1694 1656 avios
1724 1601 2157 1672 silvestresque
2183 1602 2374 1654 montes
2441 1611 2442 1614 ’

450 1694 860 1765 confugerant.
892 1692 1054 1762 Ergo
1084 1692 1338 1746 Acadira
1365 1692 1402 1720 ¹¹
1433 1690 1670 1755 transit,
1694 1705 1863 1761 aeque
1893 1693 2023 1744 usta
2056 1695 2114 1746 et
2141 1690 2375 1745 destituta

329 1778 401 1833 20
453 1782 843 1838 incolentium
873 1778 1033 1851 fuga.
1066 1779 1271 1850 Itaque
1299 1781 1590 1836 rationem
1610 1779 1652 1805 ²¹
1680 1778 1825 1832 belli
1853 1780 2191 1843 necessitas
2220 1779 2374 1830 muta·

452 1873 555 1926 vit.
581 1870 801 1926 Divisis
831 1869 988 1924 enim
1014 1869 1223 1939 copiiS,
1247 1868 1523 1939 pluribus
1556 1867 1736 1921 simul
1764 1868 1912 1921 locis
1943 1884 2106 1923 arma
2136 1864 2369 1928 ostendit,
2443 1893 2444 1904 1

456 1958 867 2033 oppressique,
906 1958 1010 2012 ubi
1058 1974 1172 2012 non
1218 1959 1709 2028 exspectaverant
1748 1956 1999 2025 hostem,
2051 1959 2206 2012 omni
2243 1953 2369 2012 clade

328 2043 395 2099 21
453 2049 764 2122 perdomiti
797 2052 953 2103 sunt.
986 2048 1344 2102 Ptolemaeus
1374 2048 1652 2117 plurimas
1679 2047 1883 2111 urbes,
1925 2047 2248 2102 Alexander
2269 2059 2368 2098 ma-

453 2140 649 2193 ximas
676 2139 834 2206 cepit
862 2151 876 2188 :
909 2144 1259 2206 rursusque,
1291 2152 1444 2207 quas
1492 2135 1899 2203 distribuerat,
1932 2136 2137 2206 copias
2179 2132 2364 2207 junxit.

331 2222 404 2276 22
527 2225 815 2295 Superato
853 2224 1063 2278 deinde
1101 2223 1367 2294 Choaspe
1385 2224 1426 2252 ¹⁸
1464 2240 1667 2290 amne,
1717 2222 1946 2278 Coenon
1992 2225 2054 2278 111
2105 2223 2369 2279 obsidione

326 2316 331 2319 ’
456 2314 626 2368 urhis
672 2311 963 2382 opulentae
994 2342 1059 2352 -
1091 2313 1265 2366 Beira
1287 2311 1330 2339 ²⁶
1365 2312 1576 2367 incolae
1619 2314 1833 2365 vocant
1859 2341 1931 2352 —-
1976 2312 2244 2383 reliquit:
2270 2311 2371 2379 ipse
2443 2298 2446 2369 ‡

458 2404 532 2457 ad
563 2403 837 2473 Mazagas
852 2402 894 2428 ’⁸
922 2401 1102 2457 venit.
1134 2400 1342 2471 Nuper
1369 2402 1696 2465 AssacanO,
1723 2399 1898 2472 cujus
1927 2415 2176 2473 regnum
2202 2399 2368 2461 fuerat,

510 2630 585 2676 17.
621 2628 877 2684 operatum.
909 2642 935 2665 α
964 2625 1150 2682 operari
1171 2629 1241 2670 eat
1269 2625 1374 2670 deos
1399 2624 1611 2679 relioioee
1638 2627 1686 2669 et
1713 2635 1810 2668 cum
1836 2635 2003 2668 summa
2030 2625 2290 2670 veneratione
2309 2631 2371 2664 u-

460 2692 653 2747 arifiaiia
681 2692 825 2735 litare.
854 2706 876 2728 ι
909 2692 1065 2743 (Nom,
1088 2692 1184 2738 523,
1211 2688 1275 2743 9).

512 2754 586 2798 18.
620 2754 918 2802 Revertentes,
946 2754 1019 2806 11,
1046 2763 1096 2805 x,
1120 2751 1192 2796 21.

517 2817 587 2861 19.
621 2815 743 2860 later
771 2825 849 2858 ora
873 2824 991 2869 pour
1017 2812 1066 2856 in
1087 2810 1178 2866 are,
1211 2817 1314 2857 ante
1355 2811 1516 2868 oculos,
1546 2814 1858 2870 n'appsrtient
1894 2826 1975 2869 pas
2008 2814 2036 2856 a
2067 2813 2113 2855 la
2133 2821 2258 2867 prose
2278 2808 2371 2850 clas·

464 2889 615 2934 sique.

514 2943 591 2985 20.
621 2939 813 2994 Daeaala,
840 2940 886 2982 la
914 2935 1132 2987 nadalia,
1161 2936 1351 2981 district
1377 2937 1440 2981 du
1463 2950 1577 2992 pays
1604 2938 1689 2983 des
1710 2938 2111 2995 Paropamisades.

513 3007 590 3048 21.
622 3001 829 3055 Acadira,
863 3000 974 3053 ville
1009 2999 1243 3044 inconnue
1282 3000 1366 3044 des
1403 3000 1798 3056 Paropamisades,
1827 3000 1981 3045 situee
2011 3011 2121 3044 sans
2147 3000 2271 3045 doute
2296 2992 2374 3049 prbi

466 3065 526 3107 du
551 3063 800 3117 Choaspes.

517 3130 591 3171 22.
626 3125 871 3182 Rationem,
896 3134 979 3167 son
1003 3124 1225 3178 systema.
1257 3123 1326 3168 Cf.
1356 3135 1437 3168 sur
1465 3134 1519 3168 ce
1544 3127 1650 3178 mot,
1679 3127 1750 3175 tv,
1780 3135 1851 3177 ix,
1876 3130 1986 3168 note
2008 3125 2080 3170 32.

515 3189 592 3232 23.
627 3186 861 3242 Choaspes,
897 3185 1066 3229 riviere
1095 3187 1154 3228 du
1192 3198 1311 3240 pays
1347 3186 1431 3230 des
1472 3187 1867 3241 Paropamisades‚
1894 3187 1976 3242 qui
2015 3199 2068 3232 se
2093 3189 2206 3242 jetta
2228 3183 2323 3229 dans
2343 3179 2375 3221 le

467 3249 659 3303 Kophen
686 3259 745 3291 ou
768 3249 937 3291 riviere
961 3247 1019 3291 de
1036 3248 1224 3299 Caboul,
1251 3248 1445 3292 affluent
1473 3248 1530 3292 de
1560 3249 1752 3293 l'lndus.

519 3310 594 3355 24.
627 3309 779 3359 Beira,
808 3309 921 3352 ville
963 3310 1044 3352 des
1086 3311 1488 3364 ParopamisadeS,
1528 3322 1608 3355 sur
1634 3313 1679 3354 la
1707 3316 1839 3356 route
1868 3309 1926 3355 de
1955 3312 2095 3357 l'lnde
2123 3327 2134 3355 z
2161 3323 2213 3355 on
2239 3320 2288 3352 ne
2311 3303 2376 3348 stit

470 3381 552 3424 pas
580 3380 640 3411 au
661 3369 789 3470 {uste
819 3378 871 3411 sa
899 3369 1142 3424 situation;
1172 3372 1263 3415 elle
1293 3371 1407 3416 etait
1433 3383 1545 3415 sans
1575 3374 1712 3418 doute
1742 3383 1826 3416 non
1860 3374 1954 3417 loin
1991 3374 2049 3419 de
2076 3369 2375 3418 l‘emhouchuro

471 3432 534 3473 du
563 3432 657 3481 Kop
693 3439 767 3470 en.

521 3491 595 3533 25.
629 3487 842 3538 'lazana-⁹-
871 3488 1045 3541 Peuple
1065 3495 1126 3534 du
1152 3504 1266 3547 pays
1290 3497 1374 3540 des
1402 3498 1794 3552 paropamisadae,
1822 3498 1936 3542 dont
1962 3500 2010 3542 la
2037 3498 2222 3554 capitale
2249 3490 2374 3549 potuit

472 3552 517 3591 le
545 3549 693 3591 meme
720 3559 847 3598 nom,
874 3548 1084 3601 Hazaoae.
