2517 3975
661 256 1052 295 msromARuu
1090 256 1443 306 ALsxAnnm,
1487 259 1547 305 x,
1586 248 1649 295 x.
2034 241 2138 296 385

243 362 485 417 Veneno
516 366 787 417 necatum
812 379 948 419 esse
975 364 1278 419 credidere
1298 364 1567 435 plerique
1591 378 1603 417 :
1635 364 1822 418 filium
1839 364 2136 434 Antipatri
2193 359 2261 413 14

166 452 327 506 inter
354 452 679 518 ministro&
715 452 919 506 Iollam
950 454 1208 522 nomine,
1235 454 1423 523 patris
1437 450 1618 522 jussu
1664 453 1922 508 dedisse.
1965 453 2137 523 Saepe

139 542 330 616 ‚certe
359 539 556 593 audita
586 545 710 593 erat
739 556 856 593 vox
883 541 1225 609 Alexandri,
1254 562 1276 592 ‹<
1301 541 1674 609 Antipatrum
1704 541 1933 612 regium
1964 540 2136 595 affec-

167 633 295 682 tare
317 626 618 698 fastigium
640 627 1040 700 majoremque
1060 628 1102 655 ²⁴
1126 644 1261 683 esse
1290 628 1599 698 praefecti*
1620 629 1835 698 opibus
1867 646 1934 683 ac
1958 628 2133 683 titulo
2181 623 2187 628 ’

173 716 483 786 Spartanae
530 716 801 770 victoriae
824 707 873 743 '³‘
891 717 1177 782 inflatum,
1211 716 1412 771 omnia
1440 734 1471 769 a
1503 732 1567 770 se
1596 716 1728 770 data
1769 719 2137 772 asserentem

167 805 292 858 sibi
330 823 390 870 »3
421 805 736 860 credebant
764 806 939 860 etiam
966 805 1267 861 Craterum
1298 821 1430 859 eum
1446 809 1711 860 veterum
1740 805 1995 860 militum
2016 821 2135 858 ma·
2193 802 2260 859 15

151 909 252 946 vnu
282 892 356 946 ad
385 892 849 948 interficiendum
881 910 1015 949 eum
1044 896 1316 950 missum.
1342 895 1478 949 Vim
1507 897 1702 948 autem
1721 895 1957 963 veneni,
1982 894 2137 964 quod
2191 892 2260 946 16

166 983 233 1035 in
263 982 605 1036 Macedonia
640 983 921 1054 gignitur,
948 984 1128 1037 talem
1157 999 1294 1037 6556
1337 986 1599 1051 constat,
1641 992 1704 1037 ut
1739 982 1960 1037 ferrum
1996 997 2139 1051 quo-

167 1086 285 1140 que
345 1074 546 1124 exurat
580 1089 593 1125 :
647 1071 926 1143 ungulam
970 1070 1227 1141 jumenti
1281 1071 1581 1133 dumtaxat
1622 1072 1944 1141 patientem
2001 1086 2136 1124 esse

166 1156 443 1230 [constat]
473 1157 617 1216 suci.
661 1159 959 1232 Stygem²⁰
998 1159 1294 1230 appellant
1340 1158 1576 1224 fontem,
1612 1174 1686 1212 ex
1728 1175 1844 1229 quo
1894 1157 2137 1229 pestife-
2192 1158 2258 1212 17

164 1262 302 1299 rum
345 1246 516 1300 virus
553 1235 815 1302 emanat.
860 1247 1011 1312 Hoc,
1052 1262 1162 1318 per
1205 1245 1607 1300 Cassandrum
1656 1246 1916 1314 allatum,
1965 1245 2138 1301 tradi-

164 1338 412 1406 tumque
438 1334 608 1388 fratri
638 1335 820 1404 Iollae,
843 1339 901 1390 et
920 1334 994 1389 ab
1018 1351 1086 1389 eo
1106 1350 1399 1406 supremae
1417 1334 1581 1406 regis
1600 1336 1832 1403 potioni
1862 1336 2133 1389 inditum.

165 1422 335 1485 Haec,
368 1427 680 1493 utcumque
718 1426 857 1477 sunt
886 1424 1126 1493 credita,
1158 1439 1386 1489 eorum,
1435 1438 1587 1494 quos
1632 1438 1836 1476 rumor
1885 1422 2136 1492 adsper-
2195 1426 2261 1479 18

164 1515 349 1575 serat,
381 1528 519 1566 mox
543 1513 804 1581 potentia
829 1513 1136 1570 exstinxit.
1169 1513 1445 1584 Regnum
1462 1512 1619 1565 enim
1637 1512 1998 1566 Macedoniae
2016 1511 2140 1564 An-
2192 1513 2263 1567 19

160 1601 378 1669 tipater
407 1605 463 1654 et
492 1600 772 1655 Graeciam
796 1617 1028 1672 quoque
1048 1601 1304 1655 invasit:
1332 1599 1624 1662 suboles²⁷
1647 1600 1859 1654 deinde
1883 1600 2133 1669 excepit,

161 1688 493 1743 interfectis
522 1690 802 1745 omnibus
824 1692 1176 1762 quicumque
1198 1690 1598 1743 Alexandrum
1621 1689 1796 1743 etiam
1817 1688 2138 1760 longinqua

159 1779 519 1850 cognatione
550 1778 937 1852 contigerant.

233 1866 507 1921 Ceterum
538 1884 753 1937 corpus
782 1868 916 1939 ejus
955 1885 989 1923 a
1019 1869 1365 1933 Ptolemaeo,
1394 1869 1490 1923 cui
1505 1868 1809 1939 AEgyptus
1845 1868 2131 1933 cesserat,
2191 1869 2261 1922 20

157 1954 502 2025 Memphim,
535 1959 594 2011 et
619 1956 777 2027 inde,
810 1958 1017 2027 paucis
1046 1960 1183 2029 post
1235 1957 1427 2022 anniS,
1470 1956 1896 2012 Alexandriam
1934 1958 2132 2009 trans-

156 2042 348 2118 latum
376 2046 489 2112 est,
518 2045 833 2116 omnisque
860 2047 1166 2100 memoriae
1195 2061 1266 2099 ac
1293 2045 1518 2098 nomini
1548 2045 1742 2098 honos
1773 2043 2031 2098 habitus..

210 2223 285 2263 24.
322 2219 552 2272 Majorem.
589 2221 661 2265 Cf.
697 2224 767 2272 vl,
799 2232 833 2274 ι,
864 2224 972 2265 note
1008 2226 1081 2266 17.

207 2281 286 2328 25.
321 2281 553 2336 Spartanae
580 2284 800 2330 victoriae.
838 2285 909 2328 Cf.
944 2287 1013 2338 vl,
1043 2295 1079 2326 1.

208 2348 282 2388 26.
319 2347 381 2386 Le
407 2344 519 2398 styx
547 2350 621 2388 est
652 2354 745 2389 une
774 2345 922 2400 petite
946 2344 1115 2389 riviere
1144 2344 1383 2389 d'Arcadie
1414 2349 1462 2387 et
1491 2357 1583 2388 non
1611 2346 1668 2388 de
1695 2343 1978 2390 macedoine.

206 2406 282 2450 27.
317 2405 515 2461 Sabaces,
546 2409 822 2463 cassandra,
850 2408 929 2452 fils
957 2407 1257 2462 d’Antipater.

1873 3662 1902 3704 ιι

1907 3663 1932 3704 ιι
