2517 3975
643 287 1040 330 msa-omnam(
1076 288 1411 329 annuum
1446 287 1529 340 nr,
1569 289 1673 327 vn.
2080 277 2144 332 81

227 406 431 463 quoque
458 411 571 451 nox
598 397 847 469 propius
884 397 1080 471 vergit
1124 398 1196 453 ad
1225 399 1440 467 lucem,
1479 397 1729 453 multum
1756 413 1833 452 ex
1857 400 2149 456 nocturno

223 480 393 536 calore
419 483 715 553 decrescit,
755 486 943 543 donec
989 487 1104 543 sub
1130 488 1329 560 ipsum
1374 486 1493 543 diei
1542 488 1736 542 ortum
1775 490 2017 545 assueto
2066 491 2151 545 te-

222 582 347 639 pore
369 571 766 645 languescatffl.

280 657 355 727 Id,
390 662 536 732 quod
569 680 678 734 pro
706 664 817 720 deo
862 664 1100 730 colitur,
1139 680 1258 720 non
1306 664 1556 720 eandem
1595 663 1911 737 effigiem⁸⁸
1954 665 2149 733 habet,
2206 670 2278 725 ⁶23

222 760 373 816 quam
426 751 602 822 vulgo
650 751 760 808 diis
825 752 1087 809 artifices
1145 753 1788 809 accommodaverunt:
1822 754 2152 810 umbilico⁸⁸

217 836 445 893 maxime
463 839 675 897 similis
694 846 787 897 est
805 841 1064 908 habitus,
1079 842 1398 912 smaragdo
1425 844 1484 897 et
1505 841 1760 913 gemmis
1784 845 2156 914 coagmenta-

219 925 322 977 tus.
352 925 531 998 Hunc,
564 946 697 984 cum
733 946 1091 1002 responsum
1121 932 1364 1002 petitur,
1395 930 1639 1003 navigio
1684 931 1884 989 aurato
1918 934 2152 1001 gestant
2208 937 2276 991 24

218 1014 546 1087 sacerdoteS,
575 1017 777 1074 multis
807 1019 1115 1091 argenteis
1141 1019 1368 1090 pateris
1388 1018 1407 1040 *
1437 1019 1511 1074 ab
1543 1021 1792 1090 utroque
1822 1018 2049 1091 navigii
2076 1020 2157 1076 la-

216 1101 324 1156 tere
362 1105 748 1173 pendentibus
782 1114 799 1160 t
829 1109 1161 1178 sequuntur
1206 1110 1495 1162 matronae
1524 1107 1934 1178 virginesque,
1965 1109 2154 1177 patrio

215 1200 359 1245 more
376 1192 738 1249 inconditum
769 1195 1064 1265 quoddam
1092 1210 1334 1251 carmen
1363 1198 1665 1262 canenteS‚
1694 1209 1813 1266 quo
1850 1195 2158 1265 propitiari

214 1275 394 1333 Jovem
422 1283 691 1350 credunt,
720 1286 785 1338 ut
813 1286 1042 1338 certum
1080 1283 1213 1339 edat
1250 1283 1578 1343 oraculum.

273 1366 488 1424 Actum
516 1371 750 1441 quidem
778 1385 979 1443 regem
1016 1372 1301 1442 proprius
1339 1371 1654 1429 adeuntem
1688 1372 1979 1426 maximus
2017 1373 2154 1426 natu
2211 1380 2282 1433 25

210 1466 239 1507 e
270 1458 667 1525 sacerdotibus
710 1459 898 1513 filium
934 1459 1261 1530 appellat⁸⁴‚
1301 1460 1412 1515 hoc
1470 1476 1687 1514 nomen
1724 1459 1811 1514 iiii
1846 1464 2153 1529 parentem

212 1541 394 1599 Jovem
431 1548 680 1604 reddere
730 1547 1066 1606 affirmans.
1118 1548 1222 1603 llle
1274 1563 1342 1603 se
1388 1562 1530 1603 vero
1577 1555 1635 1603 et
1673 1548 1943 1618 accipere
1991 1548 2073 1603 ait
2098 1552 2155 1604 et

209 1643 531 1705 agnoscere,
575 1634 844 1690 humanae
902 1636 1087 1690 sortis
1130 1634 1373 1690 oblituS.
1419 1634 1731 1691 Consuluit
1775 1635 1984 1691 deinde
2024 1636 2156 1690 an⁸⁸
2209 1644 2280 1698 2ss

210 1720 368 1776 totius
397 1725 561 1779 orbis
590 1726 900 1794 imperium
938 1722 1083 1779 fatis
1111 1723 1232 1779 sibi
1271 1724 1694 1780 destinaretur.
1744 1724 2060 1795 Vatesque,
2089 1725 2154 1779 in

209 1806 581 1868 adulationem
622 1813 1009 1884 composituS,
1062 1814 1349 1867 terrarum
1398 1814 1657 1868 omnium
1708 1816 1995 1869 rectorem
2030 1812 2154 1869 fore

211 1899 467 1956 ostendit.
504 1902 655 1956 Post
697 1901 849 1967 haec,
888 1899 1106 1955 institit
1152 1915 1422 1972 quaerere
1474 1902 1600 1956 an³⁰
1641 1917 1850 1957 omnes
1891 1901 2155 1974 parentis
2208 1909 2276 1962 27

209 1986 286 2040 sui
343 1990 756 2047 interfectores
807 2006 1013 2061 poenas
1069 1989 1395 2047 dedissent.
1455 1988 1743 2046 Sacerdos
1799 1991 2152 2061 parentem⁸⁷
2211 1997 2280 2052 28

210 2073 327 2145 ejus
372 2082 547 2153 negat
605 2080 788 2135 ullius
854 2080 1079 2135 scelere
1122 2095 1305 2150 posse
1360 2079 1598 2146 violari,
1657 2079 1917 2150 Philippi
1960 2083 2153 2134 autem

208 2169 456 2223 omnes³⁸
503 2170 697 2225 luisse
753 2167 1048 2241 supplicia
1097 2185 1113 2221 ι
1158 2168 1379 2239 adjecit
1435 2168 1721 2223 invictum
1768 2168 1917 2235 fore,
1966 2167 2156 2222 donec

246 2361 312 2405 31.
342 2362 485 2407 Donec
515 2364 796 2417 lunone-wat.
846 2364 909 2407 Ce
956 2360 1217 2416 subjonctif
1246 2372 1360 2405 avec
1407 2362 1539 2405 donee
1575 2362 1698 2404 n’est
1731 2370 1812 2415 pas
1850 2358 2086 2404 conforme
2126 2358 2154 2404 a

202 2419 378 2477 l'usage.
410 2425 541 2479 Dum,
571 2425 721 2478 donec,
749 2424 902 2479 quoad,
933 2423 1171 2479 signifiant
1191 2423 1371 2479 jusqu
1401 2435 1449 2467 ce
1476 2435 1574 2479 que,
1613 2434 1664 2466 se
1703 2421 2016 2465 construisent
2042 2433 2153 2466 avec

202 2480 424 2530 l'indicatir
436 2486 592 2541 quand
611 2498 670 2530 on
693 2487 892 2541 n'aJoute
912 2498 1095 2530 aucune
1122 2484 1225 2529 idee
1250 2483 1278 2528 a
1298 2484 1433 2530 l’idee
1462 2486 1520 2529 de
1541 2491 1705 2538 temps,
1720 2489 1766 2528 et
1789 2485 1925 2538 qu'on
1949 2484 2074 2530 emet.
2091 2495 2157 2528 un

201 2541 272 2588 fait
296 2549 465 2593 certain
479 2549 612 2604 (e’est
631 2550 676 2592 le
694 2560 769 2592 cas
787 2548 900 2592 dans
924 2553 1054 2592 notre
1082 2548 1293 2603 phrase);
1314 2559 1373 2591 au
1393 2547 1641 2602 contraire,
1666 2557 1746 2590 ces
1767 2546 2082 2601 conjonctione
2102 2559 2154 2591 se

200 2612 501 2655 oenstrmsent
520 2622 632 2654 avec
656 2611 702 2655 le
729 2609 988 2665 subjonctit'
1005 2610 1161 2666 quand
1186 2611 1230 2654 le
1256 2609 1342 2655 fait
1358 2615 1432 2655 est
1456 2607 1697 2653 considere
1724 2619 1902 2653 comme
1935 2608 2153 2664 douteux,

199 2672 337 2723 quand
370 2685 429 2718 on
468 2673 599 2718 emet
626 2684 718 2716 une
743 2672 846 2716 idee
870 2672 929 2715 de
960 2674 1060 2723 but,
1089 2671 1148 2716 de
1177 2673 1388 2717 dessein.
1413 2673 1537 2716 Ainsi
1575 2671 1746 2727 Virgile
1779 2676 1944 2715 mettre
1973 2673 2019 2716 le
2042 2674 2154 2717 sub-

196 2727 371 2838 }offtii:
401 2735 547 2779 Multa
570 2745 736 2790 quoque
762 2737 809 2778 et
837 2733 949 2778 bello
973 2744 1152 2789 pascua,
1180 2734 1282 2777 dum
1320 2734 1524 2777 conderet
1559 2733 1722 2784 urbem,
1753 2733 2025 2790 Infert-etque
2053 2734 2156 2778 deos

275 2796 314 2839 ἱο
350 2797 456 2845 AEn.
504 2800 524 2839 1
558 2796 586 2840 5
611 2828 626 2841 .

242 2857 307 2906 ³2.
333 2797 564 2914 (Emofen'i,
587 2798 767 2902 )comme
796 2857 1010 2911 habitum,
1030 2859 1256 2964 n'estssas
1285 2858 1343 2903 de
1356 2858 1538 2911 l'usage
1558 2857 1813 2912 classique.

243 2925 309 2966 33.
347 2921 582 2975 Umbilico,
608 2932 716 2964 sans
734 2920 874 2965 doute
895 2931 986 2964 une
1010 2926 1135 2965 sorte
1233 2920 1414 2976 disque,
1437 2919 1579 2963 rensse
1599 2932 1659 2963 au
1685 2926 1868 2965 contre.

241 2982 309 3027 34.
340 2983 513 3027 Filium
540 2982 757 3039 appeunt.
797 2996 824 3022 α
850 2982 1087 3035 Quelques
1133 2982 1363 3026 ecrivains
1412 2981 1685 3035 pretendent
1715 2993 1806 3036 que
1834 2983 1877 3025 le
1916 2980 2156 3035 prophete,

196 3049 327 3098 ayant
341 3047 487 3089 voulu
516 3044 674 3088 saluer
693 3044 945 3088 Alexandra
965 3054 1024 3085 en
1041 3053 1171 3098 grec,
1200 3054 1251 3087 se
1272 3043 1415 3086 servit
1440 3043 1549 3087 d'un
1570 3049 1714 3087 terme
1734 3042 1936 3087 d'amitie
1954 3044 2033 3098 qui
2053 3048 2158 3087 veut

132 3121 138 3128 ·
198 3101 291 3152 dire
312 3118 420 3153 mon
442 3108 545 3158 flls;
577 3106 710 3160 mais,
756 3117 936 3150 comme
964 3116 1018 3149 ce
1045 3106 1207 3150 n’etait
1251 3116 1335 3160 pas
1365 3116 1416 3149 sa
1460 3105 1648 3160 langue,
1677 3105 1711 3149 il
1730 3116 1782 3150 se
1813 3111 1986 3161 trompa
2014 3116 2095 3149 sur
2113 3107 2158 3147 la

195 3168 400 3215 derniere
436 3170 578 3213 lettre
615 3174 661 3212 et
699 3168 784 3211 mit
815 3179 880 3212 un
924 3167 953 3211 S
990 3179 1048 3211 au
1079 3168 1173 3211 lieu
1217 3167 1325 3211 d’un
1353 3167 1393 3212 Ν
1425 3156 1508 3222 (Ὦ
1540 3160 1756 3219 παιδίον,
1786 3166 1813 3209 ὑ
1851 3179 1957 3211 mon
1985 3166 2083 3211 fils!
2109 3188 2158 3199 -

195 3217 257 3270 Ὦ
288 3223 502 3281 παιδίος,
548 3232 622 3274 fils
650 3231 716 3289 de
753 3230 965 3285 Jupiter).
999 3232 1060 3274 Ce
1096 3229 1257 3273 detaut
1288 3229 1345 3273 de
1375 3229 1725 3283 prononciation
1753 3229 1805 3272 fit
1828 3227 1974 3283 grand
2003 3229 2161 3284 plaisir

199 3287 225 3334 a
247 3293 505 3338 Alexandro
534 3297 582 3338 et
599 3293 752 3337 donna
779 3293 875 3336 lieu
904 3290 931 3335 a
960 3302 1015 3335 ce
1044 3292 1163 3337 bruit
1187 3291 1229 3334 si
1249 3290 1596 3346 generalement
1623 3291 1847 3346 repandu,
1865 3302 1958 3347 que
1987 3292 2030 3335 le
2053 3291 2162 3334 dieu

194 3353 345 3400 Paruit
370 3354 542 3410 appele
572 3366 657 3399 son
677 3354 753 3398 fils
773 3370 796 3393 n
822 3354 1106 3409 (Plutarque,
1135 3352 1399 3409 Alexandro,
1426 3354 1519 3408 38).

245 3417 316 3462 35.
353 3417 593 3462 Consuluit
619 3428 699 3462 an.
721 3418 804 3470 An,
825 3416 864 3459 si
887 3426 968 3459 nc.
986 3447 1024 3460 ..
1054 3426 1156 3471 pas-
1190 3415 1264 3460 Cf.
1297 3415 1461 3471 lv,1x‚
1482 3421 1590 3460 note
1617 3420 1691 3461 34.

248 3479 320 3526 36.
355 3479 564 3532 Quoerere
593 3490 670 3525 an.
705 3478 776 3524 Gr.
797 3478 868 3531 IV,
898 3489 946 3529 x,
969 3482 1076 3521 note
1094 3476 1168 3520 34.

247 3543 319 3586 37.
353 3542 608 3598 Parentem,
623 3540 915 3586 &est-adire
940 3541 1139 3595 Jupiter.

251 3608 327 3650 38.
361 3605 541 3660 Omnes,
557 3602 853 3650 c’cst-a-dire
874 3602 1209 3658 interfectores.
