<?xml version="1.0" encoding="UTF-8"?>
<!DOCTYPE html PUBLIC "-//W3C//DTD XHTML 1.0 Transitional//EN"
    "http://www.w3.org/TR/xhtml1/DTD/xhtml1-transitional.dtd">
<html xmlns="http://www.w3.org/1999/xhtml" xml:lang="en" lang="en">
 <head>
  <title>
</title>
<meta http-equiv="Content-Type" content="text/html;charset=utf-8" />
  <meta name='ocr-system' content='tesseract 3.04.00' />
  <meta name='ocr-capabilities' content='ocr_page ocr_carea ocr_par ocr_line ocrx_word'/>
</head>
<body>
  <div class='ocr_page' id='page_1' title='image "./qcurtirufihisto00brelgoog_0392.png"; bbox 0 0 2517 3975; ppageno 0'>
   <div class='ocr_carea' id='block_1_1' title="bbox 382 201 1585 266">
    <p class='ocr_par' dir='ltr' id='par_1_1' title="bbox 382 201 1585 266">
     <span class='ocr_line' id='line_1_1' title="bbox 382 201 1585 266; baseline 0 -7"><span class='ocrx_word' id='word_1_1' title='bbox 382 201 487 259; x_wconf 74' lang='lat'>352</span> <span class='ocrx_word' id='word_1_2' title='bbox 1142 221 1197 266; x_wconf 84' lang='lat' dir='ltr'>Q.</span> <span class='ocrx_word' id='word_1_3' title='bbox 1238 221 1411 260; x_wconf 77' lang='lat' dir='ltr'>curm</span> <span class='ocrx_word' id='word_1_4' title='bbox 1449 221 1585 259; x_wconf 77' lang='lat' dir='ltr'>nuri</span> 
     </span>
    </p>
   </div>
   <div class='ocr_carea' id='block_1_2' title="bbox 233 327 2354 2610">
    <p class='ocr_par' dir='ltr' id='par_1_2' title="bbox 252 327 2354 931">
     <span class='ocr_line' id='line_1_2' title="bbox 254 327 2351 401; baseline 0.001 -19"><span class='ocrx_word' id='word_1_5' title='bbox 254 327 319 384; x_wconf 76' lang='lat'>21</span> <span class='ocrx_word' id='word_1_6' title='bbox 378 328 692 398; x_wconf 90' lang='lat' dir='ltr'>processit.</span> <span class='ocrx_word' id='word_1_7' title='bbox 733 327 1022 397; x_wconf 87' lang='lat' dir='ltr'>Aspastes</span> <span class='ocrx_word' id='word_1_8' title='bbox 1080 329 1207 383; x_wconf 88' lang='lat' dir='ltr'>erat</span> <span class='ocrx_word' id='word_1_9' title='bbox 1263 331 1533 400; x_wconf 84' lang='lat' dir='ltr'>satrapes</span> <span class='ocrx_word' id='word_1_10' title='bbox 1560 329 1582 350; x_wconf 87' lang='lat'><strong>*</strong></span> <span class='ocrx_word' id='word_1_11' title='bbox 1626 329 1844 400; x_wconf 82' lang='lat' dir='ltr'>gentis,</span> <span class='ocrx_word' id='word_1_12' title='bbox 1890 332 2222 401; x_wconf 82' lang='lat' dir='ltr'>suspectus</span> <span class='ocrx_word' id='word_1_13' title='bbox 2261 344 2351 384; x_wconf 87' lang='lat' dir='ltr'>res</span> 
     </span>
     <span class='ocr_line' id='line_1_3' title="bbox 252 415 2353 483; baseline 0 -11"><span class='ocrx_word' id='word_1_14' title='bbox 252 416 323 472; x_wconf 67' lang='lat'>2⁹2</span> <span class='ocrx_word' id='word_1_15' title='bbox 379 430 600 470; x_wconf 86' lang='lat' dir='ltr'>novare</span> <span class='ocrx_word' id='word_1_16' title='bbox 645 415 912 470; x_wconf 86' lang='lat' dir='ltr'>voluisse</span> <span class='ocrx_word' id='word_1_17' title='bbox 935 415 995 483; x_wconf 80' lang='lat'>²¹,</span> <span class='ocrx_word' id='word_1_18' title='bbox 1036 417 1177 470; x_wconf 90' lang='lat' dir='ltr'>dum</span> <span class='ocrx_word' id='word_1_19' title='bbox 1224 417 1289 470; x_wconf 90' lang='lat' dir='ltr'>in</span> <span class='ocrx_word' id='word_1_20' title='bbox 1332 417 1494 471; x_wconf 83' lang='lat' dir='ltr'>India</span> <span class='ocrx_word' id='word_1_21' title='bbox 1541 432 1649 471; x_wconf 85' lang='lat' dir='ltr'>rex</span> <span class='ocrx_word' id='word_1_22' title='bbox 1697 420 1787 472; x_wconf 89' lang='lat' dir='ltr'>est</span> <span class='ocrx_word' id='word_1_23' title='bbox 1804 417 1865 472; x_wconf 80' lang='lat'>¹¹.</span> <span class='ocrx_word' id='word_1_24' title='bbox 1902 416 2096 482; x_wconf 88' lang='lat' dir='ltr'>Quem</span> <span class='ocrx_word' id='word_1_25' title='bbox 2144 433 2353 474; x_wconf 89' lang='lat' dir='ltr'>occur-</span> 
     </span>
     <span class='ocr_line' id='line_1_4' title="bbox 376 504 2353 577; baseline 0.002 -19"><span class='ocrx_word' id='word_1_26' title='bbox 376 507 624 573; x_wconf 79' lang='lat' dir='ltr'>rentem,</span> <span class='ocrx_word' id='word_1_27' title='bbox 657 504 1030 559; x_wconf 87' lang='lat' dir='ltr'>dissimulata</span> <span class='ocrx_word' id='word_1_28' title='bbox 1059 506 1144 560; x_wconf 83' lang='lat' dir='ltr'>ira</span> <span class='ocrx_word' id='word_1_29' title='bbox 1166 549 1179 573; x_wconf 92' lang='lat'>,</span> <span class='ocrx_word' id='word_1_30' title='bbox 1212 506 1461 562; x_wconf 89' lang='lat' dir='ltr'>comiter</span> <span class='ocrx_word' id='word_1_31' title='bbox 1492 506 1814 576; x_wconf 90' lang='lat' dir='ltr'>allocutus,</span> <span class='ocrx_word' id='word_1_32' title='bbox 1845 506 1987 561; x_wconf 91' lang='lat' dir='ltr'>dum</span> <span class='ocrx_word' id='word_1_33' title='bbox 2021 508 2353 577; x_wconf 79' lang='lat' dir='ltr'>exploraret</span> 
     </span>
     <span class='ocr_line' id='line_1_5' title="bbox 375 593 2354 666; baseline 0.002 -19"><span class='ocrx_word' id='word_1_34' title='bbox 375 608 507 663; x_wconf 82' lang='lat' dir='ltr'>quae</span> <span class='ocrx_word' id='word_1_35' title='bbox 544 593 736 647; x_wconf 87' lang='lat' dir='ltr'>delata</span> <span class='ocrx_word' id='word_1_36' title='bbox 766 597 951 661; x_wconf 86' lang='lat' dir='ltr'>erant,</span> <span class='ocrx_word' id='word_1_37' title='bbox 985 594 1045 647; x_wconf 92' lang='lat' dir='ltr'>in</span> <span class='ocrx_word' id='word_1_38' title='bbox 1084 595 1294 650; x_wconf 91' lang='lat' dir='ltr'>eodem</span> <span class='ocrx_word' id='word_1_39' title='bbox 1331 595 1556 651; x_wconf 89' lang='lat' dir='ltr'>honore</span> <span class='ocrx_word' id='word_1_40' title='bbox 1596 594 1821 651; x_wconf 89' lang='lat' dir='ltr'>habuit.</span> <span class='ocrx_word' id='word_1_41' title='bbox 1856 594 2007 650; x_wconf 90' lang='lat' dir='ltr'>Cum</span> <span class='ocrx_word' id='word_1_42' title='bbox 2038 595 2182 650; x_wconf 90' lang='lat' dir='ltr'>inde</span> <span class='ocrx_word' id='word_1_43' title='bbox 2210 610 2354 666; x_wconf 76' lang='lat' dir='ltr'>prae-</span> 
     </span>
     <span class='ocr_line' id='line_1_6' title="bbox 376 680 2349 754; baseline 0.003 -20"><span class='ocrx_word' id='word_1_44' title='bbox 376 680 509 737; x_wconf 80' lang='lat' dir='ltr'>fecti</span> <span class='ocrx_word' id='word_1_45' title='bbox 538 681 580 747; x_wconf 84' lang='lat'>*,</span> <span class='ocrx_word' id='word_1_46' title='bbox 638 682 790 737; x_wconf 85' lang='lat' dir='ltr'>sicut</span> <span class='ocrx_word' id='word_1_47' title='bbox 846 682 1192 752; x_wconf 87' lang='lat' dir='ltr'>imperatum</span> <span class='ocrx_word' id='word_1_48' title='bbox 1248 686 1403 751; x_wconf 88' lang='lat' dir='ltr'>erat,</span> <span class='ocrx_word' id='word_1_49' title='bbox 1463 699 1776 754; x_wconf 90' lang='lat' dir='ltr'>equorum,</span> <span class='ocrx_word' id='word_1_50' title='bbox 1832 683 2349 753; x_wconf 84' lang='lat' dir='ltr'>jumentorumque</span> 
     </span>
     <span class='ocr_line' id='line_1_7' title="bbox 368 768 2345 843; baseline 0 -19"><span class='ocrx_word' id='word_1_51' title='bbox 368 768 664 841; x_wconf 79' lang='lat' dir='ltr'>jugalium</span> <span class='ocrx_word' id='word_1_52' title='bbox 705 770 884 824; x_wconf 77' lang='lat' dir='ltr'>vim²⁸</span> <span class='ocrx_word' id='word_1_53' title='bbox 924 770 1222 843; x_wconf 81' lang='lat' dir='ltr'>ingentem</span> <span class='ocrx_word' id='word_1_54' title='bbox 1260 788 1335 826; x_wconf 83' lang='lat' dir='ltr'>ex</span> <span class='ocrx_word' id='word_1_55' title='bbox 1374 772 1552 839; x_wconf 90' lang='lat' dir='ltr'>omni,</span> <span class='ocrx_word' id='word_1_56' title='bbox 1588 786 1718 842; x_wconf 81' lang='lat' dir='ltr'>quae</span> <span class='ocrx_word' id='word_1_57' title='bbox 1759 772 1872 827; x_wconf 88' lang='lat' dir='ltr'>sub</span> <span class='ocrx_word' id='word_1_58' title='bbox 1911 772 2163 842; x_wconf 91' lang='lat' dir='ltr'>imperio</span> <span class='ocrx_word' id='word_1_59' title='bbox 2206 773 2345 837; x_wconf 86' lang='lat' dir='ltr'>erat,</span> 
     </span>
     <span class='ocr_line' id='line_1_8' title="bbox 373 858 2346 931; baseline -0.001 -19"><span class='ocrx_word' id='word_1_60' title='bbox 373 859 623 931; x_wconf 74' lang='lat' dir='ltr'>regione</span> <span class='ocrx_word' id='word_1_61' title='bbox 654 860 978 928; x_wconf 82' lang='lat' dir='ltr'>misissent,</span> <span class='ocrx_word' id='word_1_62' title='bbox 1004 858 1221 928; x_wconf 90' lang='lat' dir='ltr'>quibus</span> <span class='ocrx_word' id='word_1_63' title='bbox 1246 860 1492 915; x_wconf 82' lang='lat' dir='ltr'>deerant</span> <span class='ocrx_word' id='word_1_64' title='bbox 1518 859 1939 931; x_wconf 88' lang='lat' dir='ltr'>impedimenta</span> <span class='ocrx_word' id='word_1_65' title='bbox 1958 860 2020 926; x_wconf 77' lang='lat'>²⁴,</span> <span class='ocrx_word' id='word_1_66' title='bbox 2050 859 2346 915; x_wconf 88' lang='lat' dir='ltr'>restituit:</span> 
     </span>
    </p>

    <p class='ocr_par' dir='ltr' id='par_1_3' title="bbox 249 947 2350 1193">
     <span class='ocr_line' id='line_1_9' title="bbox 249 947 2346 1019; baseline -0.001 -15"><span class='ocrx_word' id='word_1_67' title='bbox 249 948 318 1004; x_wconf 75' lang='lat'>23</span> <span class='ocrx_word' id='word_1_68' title='bbox 373 963 536 1002; x_wconf 88' lang='lat' dir='ltr'>arma</span> <span class='ocrx_word' id='word_1_69' title='bbox 592 962 824 1018; x_wconf 92' lang='lat' dir='ltr'>quoque</span> <span class='ocrx_word' id='word_1_70' title='bbox 879 947 953 1000; x_wconf 92' lang='lat' dir='ltr'>ad</span> <span class='ocrx_word' id='word_1_71' title='bbox 1007 948 1326 1017; x_wconf 90' lang='lat' dir='ltr'>pristinum</span> <span class='ocrx_word' id='word_1_72' title='bbox 1374 947 1592 1003; x_wconf 83' lang='lat' dir='ltr'>refecta</span> <span class='ocrx_word' id='word_1_73' title='bbox 1640 950 1777 1002; x_wconf 88' lang='lat' dir='ltr'>sunt</span> <span class='ocrx_word' id='word_1_74' title='bbox 1830 949 2082 1017; x_wconf 91' lang='lat' dir='ltr'>cultum,</span> <span class='ocrx_word' id='word_1_75' title='bbox 2134 948 2346 1019; x_wconf 87' lang='lat' dir='ltr'>quippe</span> 
     </span>
     <span class='ocr_line' id='line_1_10' title="bbox 372 1034 2350 1106; baseline 0.001 -18"><span class='ocrx_word' id='word_1_76' title='bbox 372 1034 526 1089; x_wconf 89' lang='lat' dir='ltr'>haud</span> <span class='ocrx_word' id='word_1_77' title='bbox 553 1034 757 1105; x_wconf 88' lang='lat' dir='ltr'>procul</span> <span class='ocrx_word' id='word_1_78' title='bbox 786 1050 819 1087; x_wconf 90' lang='lat' dir='ltr'>a</span> <span class='ocrx_word' id='word_1_79' title='bbox 849 1034 1090 1090; x_wconf 87' lang='lat' dir='ltr'>Perside</span> <span class='ocrx_word' id='word_1_80' title='bbox 1119 1035 1364 1092; x_wconf 86' lang='lat' dir='ltr'>aberant</span> <span class='ocrx_word' id='word_1_81' title='bbox 1403 1052 1519 1093; x_wconf 91' lang='lat' dir='ltr'>non</span> <span class='ocrx_word' id='word_1_82' title='bbox 1559 1041 1765 1106; x_wconf 89' lang='lat' dir='ltr'>pacata</span> <span class='ocrx_word' id='word_1_83' title='bbox 1805 1036 1999 1103; x_wconf 90' lang='lat' dir='ltr'>modo,</span> <span class='ocrx_word' id='word_1_84' title='bbox 2032 1036 2144 1091; x_wconf 86' lang='lat' dir='ltr'>sed</span> <span class='ocrx_word' id='word_1_85' title='bbox 2171 1037 2350 1091; x_wconf 86' lang='lat' dir='ltr'>etiam</span> 
     </span>
     <span class='ocr_line' id='line_1_11' title="bbox 374 1123 1701 1193; baseline 0.002 -16"><span class='ocrx_word' id='word_1_86' title='bbox 374 1123 675 1193; x_wconf 89' lang='lat' dir='ltr'>opulenta.</span> <span class='ocrx_word' id='word_1_87' title='bbox 1696 1149 1701 1153; x_wconf 93' lang='lat'>·</span> 
     </span>
    </p>

    <p class='ocr_par' dir='ltr' id='par_1_4' title="bbox 247 1208 2351 1548">
     <span class='ocr_line' id='line_1_12' title="bbox 247 1208 2347 1281; baseline 0.002 -20"><span class='ocrx_word' id='word_1_88' title='bbox 247 1215 313 1269; x_wconf 74' lang='lat'>24</span> <span class='ocrx_word' id='word_1_89' title='bbox 440 1208 645 1278; x_wconf 83' lang='lat' dir='ltr'>Igitur,</span> <span class='ocrx_word' id='word_1_90' title='bbox 673 1212 734 1264; x_wconf 93' lang='lat' dir='ltr'>ut</span> <span class='ocrx_word' id='word_1_91' title='bbox 760 1211 998 1281; x_wconf 82' lang='lat' dir='ltr'>supra¹⁸</span> <span class='ocrx_word' id='word_1_92' title='bbox 1019 1213 1240 1268; x_wconf 85' lang='lat' dir='ltr'>dictum</span> <span class='ocrx_word' id='word_1_93' title='bbox 1269 1215 1382 1278; x_wconf 87' lang='lat' dir='ltr'>est,</span> <span class='ocrx_word' id='word_1_94' title='bbox 1405 1212 1713 1268; x_wconf 81' lang='lat' dir='ltr'>aemulatus</span> <span class='ocrx_word' id='word_1_95' title='bbox 1735 1212 1933 1267; x_wconf 88' lang='lat' dir='ltr'>Patris</span> <span class='ocrx_word' id='word_1_96' title='bbox 1961 1212 2207 1267; x_wconf 84' lang='lat' dir='ltr'>Liberi*</span> <span class='ocrx_word' id='word_1_97' title='bbox 2229 1229 2347 1267; x_wconf 89' lang='lat' dir='ltr'>non</span> 
     </span>
     <span class='ocr_line' id='line_1_13' title="bbox 369 1295 2348 1372; baseline 0.002 -22"><span class='ocrx_word' id='word_1_98' title='bbox 369 1295 621 1368; x_wconf 79' lang='lat' dir='ltr'>gloriam</span> <span class='ocrx_word' id='word_1_99' title='bbox 668 1299 880 1368; x_wconf 90' lang='lat' dir='ltr'>solum,</span> <span class='ocrx_word' id='word_1_100' title='bbox 915 1316 1093 1371; x_wconf 89' lang='lat' dir='ltr'>quam</span> <span class='ocrx_word' id='word_1_101' title='bbox 1137 1316 1210 1354; x_wconf 83' lang='lat' dir='ltr'>ex</span> <span class='ocrx_word' id='word_1_102' title='bbox 1251 1301 1375 1355; x_wconf 89' lang='lat' dir='ltr'>illis</span> <span class='ocrx_word' id='word_1_103' title='bbox 1420 1299 1702 1372; x_wconf 84' lang='lat' dir='ltr'>gentibus</span> <span class='ocrx_word' id='word_1_104' title='bbox 1749 1300 2185 1371; x_wconf 82' lang='lat' dir='ltr'>deportaverat,</span> <span class='ocrx_word' id='word_1_105' title='bbox 2240 1301 2348 1356; x_wconf 89' lang='lat' dir='ltr'>sed</span> 
     </span>
     <span class='ocr_line' id='line_1_14' title="bbox 371 1385 2351 1458; baseline 0.001 -17"><span class='ocrx_word' id='word_1_106' title='bbox 371 1388 544 1441; x_wconf 88' lang='lat' dir='ltr'>etiam</span> <span class='ocrx_word' id='word_1_107' title='bbox 572 1385 808 1454; x_wconf 87' lang='lat' dir='ltr'>famam,</span> <span class='ocrx_word' id='word_1_108' title='bbox 834 1389 964 1443; x_wconf 90' lang='lat' dir='ltr'>sive</span> <span class='ocrx_word' id='word_1_109' title='bbox 991 1389 1136 1443; x_wconf 90' lang='lat' dir='ltr'>illud</span> <span class='ocrx_word' id='word_1_110' title='bbox 1170 1388 1505 1458; x_wconf 88' lang='lat' dir='ltr'>triumphus</span> <span class='ocrx_word' id='word_1_111' title='bbox 1550 1387 1661 1442; x_wconf 89' lang='lat' dir='ltr'>fuit</span> <span class='ocrx_word' id='word_1_112' title='bbox 1708 1388 1779 1443; x_wconf 88' lang='lat' dir='ltr'>ab</span> <span class='ocrx_word' id='word_1_113' title='bbox 1823 1404 1892 1443; x_wconf 92' lang='lat' dir='ltr'>eo</span> <span class='ocrx_word' id='word_1_114' title='bbox 1929 1389 2189 1458; x_wconf 90' lang='lat' dir='ltr'>primum</span> <span class='ocrx_word' id='word_1_115' title='bbox 2225 1389 2351 1443; x_wconf 88' lang='lat' dir='ltr'>ins-</span> 
     </span>
     <span class='ocr_line' id='line_1_15' title="bbox 369 1474 2349 1548; baseline 0.001 -20"><span class='ocrx_word' id='word_1_116' title='bbox 369 1474 597 1543; x_wconf 90' lang='lat' dir='ltr'>titutus,</span> <span class='ocrx_word' id='word_1_117' title='bbox 618 1477 747 1531; x_wconf 88' lang='lat' dir='ltr'>sive</span> <span class='ocrx_word' id='word_1_118' title='bbox 777 1476 1188 1532; x_wconf 82' lang='lat' dir='ltr'>bacchantium</span> <span class='ocrx_word' id='word_1_119' title='bbox 1218 1478 1413 1548; x_wconf 86' lang='lat' dir='ltr'>lusus,</span> <span class='ocrx_word' id='word_1_120' title='bbox 1436 1479 1638 1531; x_wconf 82' lang='lat' dir='ltr'>statuit</span> <span class='ocrx_word' id='word_1_121' title='bbox 1672 1477 1910 1547; x_wconf 86' lang='lat' dir='ltr'>imitari,</span> <span class='ocrx_word' id='word_1_122' title='bbox 1930 1478 2127 1531; x_wconf 87' lang='lat' dir='ltr'>animo</span> <span class='ocrx_word' id='word_1_123' title='bbox 2159 1492 2349 1547; x_wconf 81' lang='lat' dir='ltr'>super</span> 
     </span>
    </p>

    <p class='ocr_par' dir='ltr' id='par_1_5' title="bbox 241 1562 2347 1986">
     <span class='ocr_line' id='line_1_16' title="bbox 241 1562 2347 1637; baseline -0.001 -15"><span class='ocrx_word' id='word_1_124' title='bbox 241 1567 312 1622; x_wconf 75' lang='lat'>25</span> <span class='ocrx_word' id='word_1_125' title='bbox 368 1562 688 1619; x_wconf 90' lang='lat' dir='ltr'>humanum</span> <span class='ocrx_word' id='word_1_126' title='bbox 719 1566 1019 1637; x_wconf 84' lang='lat' dir='ltr'>fastigium</span> <span class='ocrx_word' id='word_1_127' title='bbox 1050 1566 1438 1631; x_wconf 79' lang='lat' dir='ltr'>elat0.VicoS,</span> <span class='ocrx_word' id='word_1_128' title='bbox 1461 1582 1569 1637; x_wconf 90' lang='lat' dir='ltr'>per</span> <span class='ocrx_word' id='word_1_129' title='bbox 1596 1582 1746 1636; x_wconf 92' lang='lat' dir='ltr'>quos</span> <span class='ocrx_word' id='word_1_130' title='bbox 1777 1567 1892 1620; x_wconf 90' lang='lat' dir='ltr'>iter</span> <span class='ocrx_word' id='word_1_131' title='bbox 1921 1568 2067 1632; x_wconf 85' lang='lat' dir='ltr'>erat,</span> <span class='ocrx_word' id='word_1_132' title='bbox 2093 1565 2347 1621; x_wconf 86' lang='lat' dir='ltr'>floribus</span> 
     </span>
     <span class='ocr_line' id='line_1_17' title="bbox 367 1651 2342 1725; baseline 0.001 -19"><span class='ocrx_word' id='word_1_133' title='bbox 367 1653 722 1723; x_wconf 84' lang='lat' dir='ltr'>coronisque</span> <span class='ocrx_word' id='word_1_134' title='bbox 773 1655 959 1709; x_wconf 87' lang='lat' dir='ltr'>sterni</span> <span class='ocrx_word' id='word_1_135' title='bbox 997 1653 1203 1725; x_wconf 81' lang='lat' dir='ltr'>jubet3</span> <span class='ocrx_word' id='word_1_136' title='bbox 1247 1654 1552 1708; x_wconf 88' lang='lat' dir='ltr'>liminibus</span> <span class='ocrx_word' id='word_1_137' title='bbox 1600 1654 1813 1708; x_wconf 80' lang='lat' dir='ltr'>aedium</span> <span class='ocrx_word' id='word_1_138' title='bbox 1857 1657 2115 1708; x_wconf 85' lang='lat' dir='ltr'>crateras</span> <span class='ocrx_word' id='word_1_139' title='bbox 2142 1651 2162 1670; x_wconf 78' lang='grc'><em>“</em></span> <span class='ocrx_word' id='word_1_140' title='bbox 2201 1654 2342 1707; x_wconf 91' lang='lat' dir='ltr'>vino</span> 
     </span>
     <span class='ocr_line' id='line_1_18' title="bbox 366 1740 2343 1815; baseline 0.001 -22"><span class='ocrx_word' id='word_1_141' title='bbox 366 1740 625 1811; x_wconf 86' lang='lat' dir='ltr'>repletas</span> <span class='ocrx_word' id='word_1_142' title='bbox 642 1746 698 1796; x_wconf 90' lang='lat' dir='ltr'>et</span> <span class='ocrx_word' id='word_1_143' title='bbox 726 1742 836 1796; x_wconf 83' lang='lat' dir='ltr'>alia</span> <span class='ocrx_word' id='word_1_144' title='bbox 867 1743 1100 1796; x_wconf 82' lang='lat' dir='ltr'>eximiae</span> <span class='ocrx_word' id='word_1_145' title='bbox 1127 1742 1559 1815; x_wconf 80' lang='lat' dir='ltr'>magnitudinis</span> <span class='ocrx_word' id='word_1_146' title='bbox 1580 1742 2044 1811; x_wconf 72' lang='lat' dir='ltr'>vasa&#39;disponi;</span> <span class='ocrx_word' id='word_1_147' title='bbox 2067 1740 2343 1796; x_wconf 82' lang='lat' dir='ltr'>vehicula</span> 
     </span>
     <span class='ocr_line' id='line_1_19' title="bbox 365 1828 2339 1900; baseline 0 -18"><span class='ocrx_word' id='word_1_148' title='bbox 365 1828 575 1885; x_wconf 91' lang='lat' dir='ltr'>deinde</span> <span class='ocrx_word' id='word_1_149' title='bbox 604 1833 928 1897; x_wconf 85' lang='lat' dir='ltr'>constrata,</span> <span class='ocrx_word' id='word_1_150' title='bbox 950 1832 1013 1883; x_wconf 92' lang='lat' dir='ltr'>ut</span> <span class='ocrx_word' id='word_1_151' title='bbox 1041 1829 1244 1899; x_wconf 87' lang='lat' dir='ltr'>plures</span> <span class='ocrx_word' id='word_1_152' title='bbox 1275 1845 1483 1900; x_wconf 86' lang='lat' dir='ltr'>capere</span> <span class='ocrx_word' id='word_1_153' title='bbox 1513 1829 1734 1883; x_wconf 89' lang='lat' dir='ltr'>milites</span> <span class='ocrx_word' id='word_1_154' title='bbox 1762 1832 2031 1898; x_wconf 89' lang='lat' dir='ltr'>possent,</span> <span class='ocrx_word' id='word_1_155' title='bbox 2051 1830 2115 1882; x_wconf 91' lang='lat' dir='ltr'>in</span> <span class='ocrx_word' id='word_1_156' title='bbox 2140 1828 2339 1883; x_wconf 86' lang='lat' dir='ltr'>taber-</span> 
     </span>
     <span class='ocr_line' id='line_1_20' title="bbox 365 1915 2337 1986; baseline 0 -15"><span class='ocrx_word' id='word_1_157' title='bbox 365 1917 711 1972; x_wconf 86' lang='lat' dir='ltr'>naculorum</span> <span class='ocrx_word' id='word_1_158' title='bbox 757 1919 997 1971; x_wconf 91' lang='lat' dir='ltr'>modum</span> <span class='ocrx_word' id='word_1_159' title='bbox 1035 1919 1237 1973; x_wconf 86' lang='lat' dir='ltr'>ornari</span> <span class='ocrx_word' id='word_1_160' title='bbox 1277 1918 1390 1972; x_wconf 88' lang='lat' dir='ltr'>alia</span> <span class='ocrx_word' id='word_1_161' title='bbox 1434 1918 1702 1974; x_wconf 87' lang='lat' dir='ltr'>candidis</span> <span class='ocrx_word' id='word_1_162' title='bbox 1738 1917 1913 1986; x_wconf 90' lang='lat' dir='ltr'>velis,</span> <span class='ocrx_word' id='word_1_163' title='bbox 1954 1917 2068 1969; x_wconf 87' lang='lat' dir='ltr'>alia</span> <span class='ocrx_word' id='word_1_164' title='bbox 2103 1919 2271 1971; x_wconf 86' lang='lat' dir='ltr'>veste</span> <span class='ocrx_word' id='word_1_165' title='bbox 2295 1915 2337 1942; x_wconf 75' lang='lat'>&#39;⁴</span> 
     </span>
    </p>

    <p class='ocr_par' dir='ltr' id='par_1_6' title="bbox 238 2006 2340 2519">
     <span class='ocr_line' id='line_1_21' title="bbox 238 2006 2340 2078; baseline 0 -19"><span class='ocrx_word' id='word_1_166' title='bbox 238 2011 309 2068; x_wconf 73' lang='lat'>26</span> <span class='ocrx_word' id='word_1_167' title='bbox 363 2008 646 2078; x_wconf 88' lang='lat' dir='ltr'>pretiosa.</span> <span class='ocrx_word' id='word_1_168' title='bbox 677 2008 861 2062; x_wconf 91' lang='lat' dir='ltr'>Primi</span> <span class='ocrx_word' id='word_1_169' title='bbox 892 2008 1056 2062; x_wconf 90' lang='lat' dir='ltr'>ibant</span> <span class='ocrx_word' id='word_1_170' title='bbox 1089 2008 1261 2062; x_wconf 89' lang='lat' dir='ltr'>amici</span> <span class='ocrx_word' id='word_1_171' title='bbox 1283 2007 1325 2075; x_wconf 84' lang='lat'>*,</span> <span class='ocrx_word' id='word_1_172' title='bbox 1358 2010 1414 2062; x_wconf 92' lang='lat' dir='ltr'>et</span> <span class='ocrx_word' id='word_1_173' title='bbox 1443 2007 1664 2063; x_wconf 89' lang='lat' dir='ltr'>cohors</span> <span class='ocrx_word' id='word_1_174' title='bbox 1684 2007 1705 2027; x_wconf 90' lang='lat'><strong>*</strong></span> <span class='ocrx_word' id='word_1_175' title='bbox 1736 2007 1928 2078; x_wconf 82' lang='lat' dir='ltr'>regia,</span> <span class='ocrx_word' id='word_1_176' title='bbox 1960 2007 2146 2060; x_wconf 88' lang='lat' dir='ltr'>variis</span> <span class='ocrx_word' id='word_1_177' title='bbox 2182 2006 2340 2061; x_wconf 85' lang='lat' dir='ltr'>redi—</span> 
     </span>
     <span class='ocr_line' id='line_1_22' title="bbox 363 2093 2339 2167; baseline -0.001 -19"><span class='ocrx_word' id='word_1_178' title='bbox 363 2094 504 2150; x_wconf 90' lang='lat' dir='ltr'>mita</span> <span class='ocrx_word' id='word_1_179' title='bbox 549 2095 794 2150; x_wconf 88' lang='lat' dir='ltr'>floribus</span> <span class='ocrx_word' id='word_1_180' title='bbox 842 2096 1200 2167; x_wconf 84' lang='lat' dir='ltr'>coronisque</span> <span class='ocrx_word' id='word_1_181' title='bbox 1247 2125 1319 2135; x_wconf 97' lang='lat'>—</span> <span class='ocrx_word' id='word_1_182' title='bbox 1363 2094 1507 2149; x_wconf 88' lang='lat' dir='ltr'>alibi</span> <span class='ocrx_word' id='word_1_183' title='bbox 1561 2095 1871 2148; x_wconf 90' lang='lat' dir='ltr'>tibicinum</span> <span class='ocrx_word' id='word_1_184' title='bbox 1924 2098 2150 2159; x_wconf 84' lang='lat' dir='ltr'>cantus,</span> <span class='ocrx_word' id='word_1_185' title='bbox 2197 2093 2339 2148; x_wconf 89' lang='lat' dir='ltr'>alibi</span> 
     </span>
     <span class='ocr_line' id='line_1_23' title="bbox 360 2182 2337 2254; baseline 0 -17"><span class='ocrx_word' id='word_1_186' title='bbox 360 2183 544 2254; x_wconf 76' lang='lat' dir='ltr'>lyrae*</span> <span class='ocrx_word' id='word_1_187' title='bbox 564 2200 747 2238; x_wconf 86' lang='lat' dir='ltr'>sonus</span> <span class='ocrx_word' id='word_1_188' title='bbox 777 2184 1384 2250; x_wconf 81' lang='lat' dir='ltr'>audiebatur—item,</span> <span class='ocrx_word' id='word_1_189' title='bbox 1411 2184 1700 2239; x_wconf 86' lang='lat' dir='ltr'>vehiculis</span> <span class='ocrx_word' id='word_1_190' title='bbox 1721 2199 1829 2252; x_wconf 92' lang='lat' dir='ltr'>pro</span> <span class='ocrx_word' id='word_1_191' title='bbox 1858 2185 2031 2253; x_wconf 89' lang='lat' dir='ltr'>copia</span> <span class='ocrx_word' id='word_1_192' title='bbox 2045 2182 2337 2254; x_wconf 81' lang='lat' dir='ltr'>cujusque</span> 
     </span>
     <span class='ocr_line' id='line_1_24' title="bbox 360 2270 2333 2341; baseline -0.001 -14"><span class='ocrx_word' id='word_1_193' title='bbox 360 2272 686 2341; x_wconf 79' lang='lat' dir='ltr'>adornatiS,</span> <span class='ocrx_word' id='word_1_194' title='bbox 720 2272 1279 2327; x_wconf 81' lang='lat' dir='ltr'>comissabundus¹⁷</span> <span class='ocrx_word' id='word_1_195' title='bbox 1309 2271 1630 2339; x_wconf 77' lang='lat' dir='ltr'>exercituS,</span> <span class='ocrx_word' id='word_1_196' title='bbox 1672 2272 1872 2339; x_wconf 80' lang='lat' dir='ltr'>armiS,</span> <span class='ocrx_word' id='word_1_197' title='bbox 1915 2288 2046 2341; x_wconf 83' lang='lat' dir='ltr'>quae</span> <span class='ocrx_word' id='word_1_198' title='bbox 2081 2270 2333 2326; x_wconf 84' lang='lat' dir='ltr'>maxime</span> 
     </span>
     <span class='ocr_line' id='line_1_25' title="bbox 361 2359 2331 2432; baseline -0.001 -18"><span class='ocrx_word' id='word_1_199' title='bbox 361 2360 575 2416; x_wconf 88' lang='lat' dir='ltr'>decora</span> <span class='ocrx_word' id='word_1_200' title='bbox 604 2365 791 2432; x_wconf 82' lang='lat' dir='ltr'>erant,</span> <span class='ocrx_word' id='word_1_201' title='bbox 815 2360 1452 2429; x_wconf 77' lang='lat' dir='ltr'>circumpendentibus,</span> <span class='ocrx_word' id='word_1_202' title='bbox 1475 2359 1673 2429; x_wconf 90' lang='lat' dir='ltr'>Ipsum</span> <span class='ocrx_word' id='word_1_203' title='bbox 1699 2359 2102 2430; x_wconf 86' lang='lat' dir='ltr'>convivasque</span> <span class='ocrx_word' id='word_1_204' title='bbox 2121 2374 2331 2413; x_wconf 90' lang='lat' dir='ltr'>currus</span> 
     </span>
     <span class='ocr_line' id='line_1_26' title="bbox 358 2447 2329 2519; baseline -0.001 -18"><span class='ocrx_word' id='word_1_205' title='bbox 358 2447 628 2516; x_wconf 83' lang='lat' dir='ltr'>vehebat,</span> <span class='ocrx_word' id='word_1_206' title='bbox 670 2449 959 2505; x_wconf 87' lang='lat' dir='ltr'>crateris*</span> <span class='ocrx_word' id='word_1_207' title='bbox 997 2448 1198 2504; x_wconf 89' lang='lat' dir='ltr'>aureis</span> <span class='ocrx_word' id='word_1_208' title='bbox 1240 2447 1629 2519; x_wconf 86' lang='lat' dir='ltr'>ejusdemque</span> <span class='ocrx_word' id='word_1_209' title='bbox 1675 2447 1942 2502; x_wconf 81' lang='lat' dir='ltr'>materiae</span> <span class='ocrx_word' id='word_1_210' title='bbox 1986 2447 2329 2518; x_wconf 82' lang='lat' dir='ltr'>ingentibus</span> 
     </span>
    </p>

    <p class='ocr_par' dir='ltr' id='par_1_7' title="bbox 233 2534 2327 2610">
     <span class='ocr_line' id='line_1_27' title="bbox 233 2534 2327 2610; baseline -0.001 -19"><span class='ocrx_word' id='word_1_211' title='bbox 233 2541 301 2598; x_wconf 75' lang='lat'>27</span> <span class='ocrx_word' id='word_1_212' title='bbox 357 2538 591 2606; x_wconf 89' lang='lat' dir='ltr'>poculis</span> <span class='ocrx_word' id='word_1_213' title='bbox 607 2539 628 2559; x_wconf 91' lang='lat'><strong>*</strong></span> <span class='ocrx_word' id='word_1_214' title='bbox 649 2538 1001 2610; x_wconf 77' lang='lat' dir='ltr'>praegraviS.</span> <span class='ocrx_word' id='word_1_215' title='bbox 1025 2537 1153 2593; x_wconf 91' lang='lat' dir='ltr'>Hoc</span> <span class='ocrx_word' id='word_1_216' title='bbox 1180 2537 1358 2593; x_wconf 90' lang='lat' dir='ltr'>modo</span> <span class='ocrx_word' id='word_1_217' title='bbox 1387 2552 1498 2608; x_wconf 89' lang='lat' dir='ltr'>per</span> <span class='ocrx_word' id='word_1_218' title='bbox 1522 2537 1651 2592; x_wconf 87' lang='lat' dir='ltr'>dies</span> <span class='ocrx_word' id='word_1_219' title='bbox 1675 2553 1757 2592; x_wconf 85' lang='lat' dir='ltr'>vu</span> <span class='ocrx_word' id='word_1_220' title='bbox 1786 2534 2327 2591; x_wconf 81' lang='lat' dir='ltr'>bacchabundum¹⁸</span> 
     </span>
    </p>
   </div>
   <div class='ocr_carea' id='block_1_3' title="bbox 354 2726 2325 3587">
    <p class='ocr_par' dir='ltr' id='par_1_8' title="bbox 356 2726 2325 2839">
     <span class='ocr_line' id='line_1_28' title="bbox 356 2726 2325 2786; baseline -0.002 -12"><span class='ocrx_word' id='word_1_221' title='bbox 356 2730 437 2785; x_wconf 90' lang='lat' dir='ltr'>qui</span> <span class='ocrx_word' id='word_1_222' title='bbox 460 2731 629 2775; x_wconf 81' lang='lat' dir='ltr'>atteint</span> <span class='ocrx_word' id='word_1_223' title='bbox 649 2729 834 2786; x_wconf 69' lang='lat' dir='ltr'>jusqu&#39;a</span> <span class='ocrx_word' id='word_1_224' title='bbox 855 2734 977 2783; x_wconf 83' lang='lat'><strong>1‚600</strong></span> <span class='ocrx_word' id='word_1_225' title='bbox 1022 2733 1071 2773; x_wconf 91' lang='lat' dir='ltr'>et</span> <span class='ocrx_word' id='word_1_226' title='bbox 1100 2732 1228 2782; x_wconf 65' lang='lat' dir='ltr'>meo</span> <span class='ocrx_word' id='word_1_227' title='bbox 1253 2730 1442 2781; x_wconf 78' lang='lat' dir='ltr'>metres,</span> <span class='ocrx_word' id='word_1_228' title='bbox 1474 2733 1545 2773; x_wconf 85' lang='lat' dir='ltr'>est</span> <span class='ocrx_word' id='word_1_229' title='bbox 1579 2729 1694 2773; x_wconf 78' lang='lat' dir='ltr'>frais</span> <span class='ocrx_word' id='word_1_230' title='bbox 1732 2738 1778 2772; x_wconf 83' lang='lat' dir='ltr'>et</span> <span class='ocrx_word' id='word_1_231' title='bbox 1813 2739 1949 2773; x_wconf 83' lang='lat' dir='ltr'>assez</span> <span class='ocrx_word' id='word_1_232' title='bbox 1987 2726 2117 2772; x_wconf 86' lang='lat' dir='ltr'>riche</span> <span class='ocrx_word' id='word_1_233' title='bbox 2150 2737 2211 2771; x_wconf 90' lang='lat' dir='ltr'>en</span> <span class='ocrx_word' id='word_1_234' title='bbox 2243 2738 2325 2771; x_wconf 79' lang='lat' dir='ltr'>cau</span> 
     </span>
     <span class='ocr_line' id='line_1_29' title="bbox 384 2793 749 2839; baseline 0.003 -3"><span class='ocrx_word' id='word_1_235' title='bbox 384 2793 465 2837; x_wconf 77' lang='lat' dir='ltr'>Kie</span> <span class='ocrx_word' id='word_1_236' title='bbox 494 2798 564 2838; x_wconf 84' lang='lat' dir='ltr'>ert</span> <span class='ocrx_word' id='word_1_237' title='bbox 660 2798 716 2839; x_wconf 89' lang='grc'>66</span> <span class='ocrx_word' id='word_1_238' title='bbox 738 2826 749 2837; x_wconf 94' lang='grc'><strong>.</strong></span> 
     </span>
    </p>

    <p class='ocr_par' dir='ltr' id='par_1_9' title="bbox 354 2793 2320 3097">
     <span class='ocr_line' id='line_1_30' title="bbox 407 2793 2320 2910; baseline -0.004 -10"><span class='ocrx_word' id='word_1_239' title='bbox 407 2806 491 2901; x_wconf 45' lang='grc' dir='ltr'>Βιξ,</span> <span class='ocrx_word' id='word_1_240' title='bbox 510 2793 761 2910; x_wconf 50' lang='grc' dir='ltr'>δυῗσρὲεοιιιῗς,</span> <span class='ocrx_word' id='word_1_241' title='bbox 786 2865 902 2898; x_wconf 82' lang='lat' dir='ltr'>avec</span> <span class='ocrx_word' id='word_1_242' title='bbox 924 2853 1157 2905; x_wconf 79' lang='lat' dir='ltr'>l&#39;inflnitif,</span> <span class='ocrx_word' id='word_1_243' title='bbox 1176 2858 1250 2896; x_wconf 87' lang='lat' dir='ltr'>est</span> <span class='ocrx_word' id='word_1_244' title='bbox 1279 2863 1381 2897; x_wconf 85' lang='lat' dir='ltr'>rare</span> <span class='ocrx_word' id='word_1_245' title='bbox 1413 2853 1440 2896; x_wconf 67' lang='lat' dir='ltr'>a</span> <span class='ocrx_word' id='word_1_246' title='bbox 1467 2854 1677 2908; x_wconf 81' lang='lat' dir='ltr'>l&#39;epoque</span> <span class='ocrx_word' id='word_1_247' title='bbox 1696 2852 1967 2907; x_wconf 69' lang='lat' dir='ltr'>classique.</span> <span class='ocrx_word' id='word_1_248' title='bbox 1997 2853 2064 2895; x_wconf 89' lang='lat' dir='ltr'>On</span> <span class='ocrx_word' id='word_1_249' title='bbox 2099 2853 2143 2895; x_wconf 89' lang='lat' dir='ltr'>le</span> <span class='ocrx_word' id='word_1_250' title='bbox 2164 2855 2320 2894; x_wconf 82' lang='lat' dir='ltr'>trouve</span> 
     </span>
     <span class='ocr_line' id='line_1_31' title="bbox 357 2915 2318 2973; baseline -0.004 -12"><span class='ocrx_word' id='word_1_251' title='bbox 357 2919 617 2973; x_wconf 85' lang='lat' dir='ltr'>cependant</span> <span class='ocrx_word' id='word_1_252' title='bbox 639 2919 752 2962; x_wconf 88' lang='lat' dir='ltr'>chez</span> <span class='ocrx_word' id='word_1_253' title='bbox 781 2917 1013 2961; x_wconf 88' lang='lat' dir='ltr'>Salluste:</span> <span class='ocrx_word' id='word_1_254' title='bbox 1043 2915 1282 2970; x_wconf 72' lang='lat' dir='ltr'>Suspectus</span> <span class='ocrx_word' id='word_1_255' title='bbox 1310 2915 1406 2969; x_wconf 71' lang='lat' dir='ltr'>reat·</span> <span class='ocrx_word' id='word_1_256' title='bbox 1443 2919 1490 2959; x_wconf 82' lang='lat' dir='ltr'>et</span> <span class='ocrx_word' id='word_1_257' title='bbox 1532 2916 1629 2970; x_wconf 75' lang='lat' dir='ltr'>ipse</span> <span class='ocrx_word' id='word_1_258' title='bbox 1665 2927 1762 2959; x_wconf 81' lang='lat' dir='ltr'>eum</span> <span class='ocrx_word' id='word_1_259' title='bbox 1789 2915 2051 2969; x_wconf 66' lang='lat' dir='ltr'>suspiciens,</span> <span class='ocrx_word' id='word_1_260' title='bbox 2091 2923 2221 2955; x_wconf 76' lang='lat' dir='ltr'>novas</span> <span class='ocrx_word' id='word_1_261' title='bbox 2250 2922 2318 2954; x_wconf 76' lang='lat' dir='ltr'>res</span> 
     </span>
     <span class='ocr_line' id='line_1_32' title="bbox 355 2973 2318 3036; baseline -0.005 -13"><span class='ocrx_word' id='word_1_262' title='bbox 355 2991 585 3036; x_wconf 74' lang='lat' dir='ltr'>cupere...</span> <span class='ocrx_word' id='word_1_263' title='bbox 624 2981 740 3035; x_wconf 69' lang='lat' dir='ltr'>(lua.</span> <span class='ocrx_word' id='word_1_264' title='bbox 769 2980 839 3034; x_wconf 82' lang='lat'>70)</span> <span class='ocrx_word' id='word_1_265' title='bbox 868 3002 917 3010; x_wconf 93' lang='lat'><strong>—</strong></span> <span class='ocrx_word' id='word_1_266' title='bbox 952 2982 1000 3023; x_wconf 91' lang='lat' dir='ltr'>et</span> <span class='ocrx_word' id='word_1_267' title='bbox 1035 2979 1143 3032; x_wconf 88' lang='lat' dir='ltr'>plus</span> <span class='ocrx_word' id='word_1_268' title='bbox 1179 2976 1282 3022; x_wconf 84' lang='lat' dir='ltr'>tard</span> <span class='ocrx_word' id='word_1_269' title='bbox 1320 2977 1435 3022; x_wconf 88' lang='lat' dir='ltr'>chez</span> <span class='ocrx_word' id='word_1_270' title='bbox 1462 2977 1650 3022; x_wconf 86' lang='lat' dir='ltr'>Tacite:</span> <span class='ocrx_word' id='word_1_271' title='bbox 1681 2977 1885 3020; x_wconf 72' lang='lat' dir='ltr'>Licinius</span> <span class='ocrx_word' id='word_1_272' title='bbox 1921 2975 2133 3020; x_wconf 75' lang='lat' dir='ltr'>Proculus</span> <span class='ocrx_word' id='word_1_273' title='bbox 2160 2973 2318 3017; x_wconf 66' lang='lat' dir='ltr'>intima</span> 
     </span>
     <span class='ocr_line' id='line_1_33' title="bbox 354 3039 2047 3097; baseline -0.002 -12"><span class='ocrx_word' id='word_1_274' title='bbox 354 3043 672 3097; x_wconf 78' lang='lat' dir='ltr'>familiaritate</span> <span class='ocrx_word' id='word_1_275' title='bbox 694 3042 873 3087; x_wconf 70' lang='lat' dir='ltr'>Othonis</span> <span class='ocrx_word' id='word_1_276' title='bbox 900 3044 1131 3095; x_wconf 67' lang='lat' dir='ltr'>suspectus</span> <span class='ocrx_word' id='word_1_277' title='bbox 1158 3039 1351 3084; x_wconf 77' lang='lat' dir='ltr'>coucilia</span> <span class='ocrx_word' id='word_1_278' title='bbox 1378 3041 1479 3093; x_wconf 66' lang='lat' dir='ltr'>ejus</span> <span class='ocrx_word' id='word_1_279' title='bbox 1504 3039 1666 3094; x_wconf 71' lang='lat' dir='ltr'>fovisse</span> <span class='ocrx_word' id='word_1_280' title='bbox 1691 3040 1705 3093; x_wconf 98' lang='lat'><strong>(</strong></span> <span class='ocrx_word' id='word_1_281' title='bbox 1727 3040 1868 3091; x_wconf 70' lang='lat' dir='ltr'>Hist„</span> <span class='ocrx_word' id='word_1_282' title='bbox 1898 3042 1932 3090; x_wconf 89' lang='lat'>1,</span> <span class='ocrx_word' id='word_1_283' title='bbox 1962 3042 2047 3090; x_wconf 72' lang='lat'>⁴5).</span> 
     </span>
    </p>

    <p class='ocr_par' dir='ltr' id='par_1_10' title="bbox 356 3100 2313 3217">
     <span class='ocr_line' id='line_1_34' title="bbox 408 3100 2313 3157; baseline -0.005 -10"><span class='ocrx_word' id='word_1_284' title='bbox 408 3108 483 3149; x_wconf 74' lang='lat'>22.</span> <span class='ocrx_word' id='word_1_285' title='bbox 514 3104 615 3149; x_wconf 71' lang='lat' dir='ltr'>Est.</span> <span class='ocrx_word' id='word_1_286' title='bbox 650 3108 717 3150; x_wconf 90' lang='lat' dir='ltr'>On</span> <span class='ocrx_word' id='word_1_287' title='bbox 748 3103 906 3148; x_wconf 86' lang='lat' dir='ltr'>attend</span> <span class='ocrx_word' id='word_1_288' title='bbox 935 3105 978 3147; x_wconf 91' lang='lat' dir='ltr'>le</span> <span class='ocrx_word' id='word_1_289' title='bbox 1007 3101 1277 3156; x_wconf 81' lang='lat' dir='ltr'>subjonctit&#39;,</span> <span class='ocrx_word' id='word_1_290' title='bbox 1298 3101 1343 3146; x_wconf 89' lang='lat' dir='ltr'>la</span> <span class='ocrx_word' id='word_1_291' title='bbox 1371 3101 1661 3157; x_wconf 87' lang='lat' dir='ltr'>proposition</span> <span class='ocrx_word' id='word_1_292' title='bbox 1691 3102 1955 3156; x_wconf 73' lang='lat' dir='ltr'>dependant</span> <span class='ocrx_word' id='word_1_293' title='bbox 1987 3100 2119 3145; x_wconf 87' lang='lat' dir='ltr'>d&#39;une</span> <span class='ocrx_word' id='word_1_294' title='bbox 2151 3107 2313 3151; x_wconf 86' lang='lat' dir='ltr'>propo-</span> 
     </span>
     <span class='ocr_line' id='line_1_35' title="bbox 356 3165 1342 3217; baseline -0.003 -7"><span class='ocrx_word' id='word_1_295' title='bbox 356 3168 496 3212; x_wconf 82' lang='lat' dir='ltr'>sition</span> <span class='ocrx_word' id='word_1_296' title='bbox 525 3166 552 3209; x_wconf 73' lang='lat' dir='ltr'>a</span> <span class='ocrx_word' id='word_1_297' title='bbox 580 3165 820 3211; x_wconf 80' lang='lat' dir='ltr'>l’infinitit.</span> <span class='ocrx_word' id='word_1_298' title='bbox 853 3166 924 3209; x_wconf 85' lang='lat' dir='ltr'>Cf.</span> <span class='ocrx_word' id='word_1_299' title='bbox 951 3169 1025 3217; x_wconf 87' lang='lat'>111,</span> <span class='ocrx_word' id='word_1_300' title='bbox 1056 3175 1108 3217; x_wconf 82' lang='lat' dir='ltr'>n,</span> <span class='ocrx_word' id='word_1_301' title='bbox 1137 3169 1245 3208; x_wconf 89' lang='lat' dir='ltr'>note</span> <span class='ocrx_word' id='word_1_302' title='bbox 1272 3167 1342 3208; x_wconf 73' lang='lat'>27.</span> 
     </span>
    </p>

    <p class='ocr_par' dir='ltr' id='par_1_11' title="bbox 407 3227 1382 3287">
     <span class='ocr_line' id='line_1_36' title="bbox 407 3227 1382 3287; baseline -0.001 -14"><span class='ocrx_word' id='word_1_303' title='bbox 407 3233 484 3274; x_wconf 78' lang='lat'>23.</span> <span class='ocrx_word' id='word_1_304' title='bbox 523 3227 634 3280; x_wconf 75' lang='lat' dir='ltr'>Vim,</span> <span class='ocrx_word' id='word_1_305' title='bbox 653 3239 832 3272; x_wconf 88' lang='lat' dir='ltr'>comme</span> <span class='ocrx_word' id='word_1_306' title='bbox 853 3229 1044 3283; x_wconf 62' lang='lat' dir='ltr'>coptam.</span> <span class='ocrx_word' id='word_1_307' title='bbox 1377 3282 1382 3287; x_wconf 23' lang='grc' dir='ltr'><strong>θ</strong></span> 
     </span>
    </p>

    <p class='ocr_par' dir='ltr' id='par_1_12' title="bbox 409 3287 2154 3341">
     <span class='ocr_line' id='line_1_37' title="bbox 409 3287 2154 3341; baseline -0.005 -8"><span class='ocrx_word' id='word_1_308' title='bbox 409 3295 482 3335; x_wconf 65' lang='lat'>24.</span> <span class='ocrx_word' id='word_1_309' title='bbox 517 3289 843 3341; x_wconf 74' lang='lat' dir='ltr'>Impedimenta,</span> <span class='ocrx_word' id='word_1_310' title='bbox 864 3290 982 3333; x_wconf 86' lang='lat' dir='ltr'>dans</span> <span class='ocrx_word' id='word_1_311' title='bbox 1010 3290 1054 3332; x_wconf 87' lang='lat' dir='ltr'>le</span> <span class='ocrx_word' id='word_1_312' title='bbox 1083 3300 1193 3333; x_wconf 84' lang='lat' dir='ltr'>sens</span> <span class='ocrx_word' id='word_1_313' title='bbox 1221 3288 1281 3333; x_wconf 89' lang='lat' dir='ltr'>de</span> <span class='ocrx_word' id='word_1_314' title='bbox 1309 3287 1445 3335; x_wconf 72' lang='lat' dir='ltr'>betas</span> <span class='ocrx_word' id='word_1_315' title='bbox 1471 3288 1529 3333; x_wconf 87' lang='lat' dir='ltr'>de</span> <span class='ocrx_word' id='word_1_316' title='bbox 1559 3299 1755 3340; x_wconf 79' lang='lat' dir='ltr'>somme,</span> <span class='ocrx_word' id='word_1_317' title='bbox 1785 3290 1860 3331; x_wconf 86' lang='lat' dir='ltr'>cst</span> <span class='ocrx_word' id='word_1_318' title='bbox 1888 3297 2017 3332; x_wconf 81' lang='lat' dir='ltr'>assez</span> <span class='ocrx_word' id='word_1_319' title='bbox 2043 3293 2154 3327; x_wconf 81' lang='lat' dir='ltr'>rare.</span> 
     </span>
    </p>

    <p class='ocr_par' dir='ltr' id='par_1_13' title="bbox 407 3349 1298 3403">
     <span class='ocr_line' id='line_1_38' title="bbox 407 3349 1298 3403; baseline 0 -10"><span class='ocrx_word' id='word_1_320' title='bbox 407 3354 482 3393; x_wconf 72' lang='lat'>25.</span> <span class='ocrx_word' id='word_1_321' title='bbox 518 3349 671 3400; x_wconf 80' lang='lat' dir='ltr'>Supra.</span> <span class='ocrx_word' id='word_1_322' title='bbox 698 3352 768 3399; x_wconf 90' lang='lat'>111,</span> <span class='ocrx_word' id='word_1_323' title='bbox 794 3361 879 3400; x_wconf 83' lang='lat' dir='ltr'>xn,</span> <span class='ocrx_word' id='word_1_324' title='bbox 908 3354 992 3403; x_wconf 80' lang='lat'>183</span> <span class='ocrx_word' id='word_1_325' title='bbox 1026 3353 1136 3403; x_wconf 78' lang='lat' dir='ltr'>vlu,</span> <span class='ocrx_word' id='word_1_326' title='bbox 1158 3361 1207 3402; x_wconf 83' lang='lat' dir='ltr'>x,</span> <span class='ocrx_word' id='word_1_327' title='bbox 1230 3354 1298 3396; x_wconf 83' lang='lat'>18.</span> 
     </span>
    </p>

    <p class='ocr_par' dir='ltr' id='par_1_14' title="bbox 412 3408 1168 3461">
     <span class='ocr_line' id='line_1_39' title="bbox 412 3408 1168 3461; baseline 0.003 -8"><span class='ocrx_word' id='word_1_328' title='bbox 412 3411 481 3453; x_wconf 80' lang='lat'>26.</span> <span class='ocrx_word' id='word_1_329' title='bbox 517 3408 660 3457; x_wconf 79' lang='lat' dir='ltr'>Veste,</span> <span class='ocrx_word' id='word_1_330' title='bbox 695 3410 919 3461; x_wconf 85' lang='lat' dir='ltr'>singulier</span> <span class='ocrx_word' id='word_1_331' title='bbox 948 3411 1168 3456; x_wconf 75' lang='lat' dir='ltr'>collectis.</span> 
     </span>
    </p>

    <p class='ocr_par' dir='ltr' id='par_1_15' title="bbox 410 3467 1319 3526">
     <span class='ocr_line' id='line_1_40' title="bbox 410 3467 1319 3526; baseline 0.003 -13"><span class='ocrx_word' id='word_1_332' title='bbox 410 3475 485 3513; x_wconf 76' lang='lat'>27.</span> <span class='ocrx_word' id='word_1_333' title='bbox 521 3467 898 3522; x_wconf 69' lang='lat' dir='ltr'>comissabundus,</span> <span class='ocrx_word' id='word_1_334' title='bbox 926 3470 1029 3525; x_wconf 71' lang='lat' dir='ltr'>deja</span> <span class='ocrx_word' id='word_1_335' title='bbox 1059 3477 1106 3526; x_wconf 89' lang='lat' dir='ltr'>v,</span> <span class='ocrx_word' id='word_1_336' title='bbox 1137 3482 1220 3523; x_wconf 83' lang='lat' dir='ltr'>vn,</span> <span class='ocrx_word' id='word_1_337' title='bbox 1244 3474 1319 3519; x_wconf 87' lang='lat'>10.</span> 
     </span>
    </p>

    <p class='ocr_par' dir='ltr' id='par_1_16' title="bbox 409 3525 1218 3587">
     <span class='ocr_line' id='line_1_41' title="bbox 409 3525 1218 3587; baseline 0.002 -13"><span class='ocrx_word' id='word_1_338' title='bbox 409 3533 479 3574; x_wconf 72' lang='lat'>³8.</span> <span class='ocrx_word' id='word_1_339' title='bbox 508 3525 863 3571; x_wconf 70' lang='lat' dir='ltr'>Bacchabundum</span> <span class='ocrx_word' id='word_1_340' title='bbox 882 3535 956 3571; x_wconf 88' lang='lat' dir='ltr'>est</span> <span class='ocrx_word' id='word_1_341' title='bbox 980 3531 1218 3587; x_wconf 79' lang='lat' dir='ltr'>poetique.</span> 
     </span>
    </p>
   </div>
   <div class='ocr_carea' id='block_1_4' title="bbox 2471 2560 2482 3499">
    <p class='ocr_par' dir='ltr' id='par_1_17' title="bbox 2471 2560 2482 3499">
     <span class='ocr_line' id='line_1_42' title="bbox 2471 2560 2482 3499; baseline 0 0"><span class='ocrx_word' id='word_1_342' title='bbox 2471 2560 2482 3499; x_wconf 95' lang='lat' dir='ltr'> </span> 
     </span>
    </p>
   </div>
  </div>
 </body>
</html>
