2517 3975
52 3116 55 3189 ἰ

610 211 1008 249 ΗιεΤοΒιΑΒυκ
1043 210 1382 249 ALnxAnnm
1421 212 1505 261 ιιι,
1547 211 1653 249 xn.
2052 194 2118 248 41

184 313 515 374 invocantes,
578 316 730 387 Illae,
785 333 908 372 suae
960 316 1315 372 calamitatis
1371 316 1598 382 oblitae,
1648 316 1710 369 in
1758 319 1894 371 utro
1936 332 2125 372 cornu
2178 308 2248 363 25

186 403 369 459 Darius
414 406 698 473 stetisset,
733 422 863 476 quae
901 405 1141 461 fortuna
1183 406 1554 461 discriminis
1583 404 1820 472 fuisset,
1854 408 2123 476 require-

181 491 302 546 bant
331 511 343 547 :
382 494 680 564 negabant
713 510 780 549 se
811 498 1034 565 captae,
1068 496 1122 550 si
1151 495 1383 550 viveret
1410 510 1537 549 rex.
1571 493 1685 549 Sed
1715 494 1902 565 illum,
1937 510 2124 566 equos

178 580 405 638 subinde
436 585 782 654 tumentem,
813 582 1057 658 longius
1086 582 1229 655 fuga
1261 583 1605 639 abstulerat.
1641 586 1650 596 '

232 669 297 730 ,In
337 671 711 728 acieautem.
746 687 904 726 eaesa
961 675 1101 734 sunt
1145 672 1467 727 Persarum
1521 672 1784 742 peditum
1835 689 1868 727 c
1916 673 2123 740 millia,
2181 683 2197 703 ‘⁴

179 755 357 813 decem
399 760 690 830 equitum.
740 760 817 816 At
863 775 897 813 a
941 763 1108 830 parte
1157 759 1485 815 Alexandri
1529 760 1602 814 ad
1649 763 1905 832 quatuor
1941 762 2125 815 millia

176 847 459 932 quingenti
492 849 678 903 saucii
711 848 897 917 fuere,
937 867 1013 906 ex
1036 848 1339 919 peditibus
1371 864 1478 903 ccc
1508 851 1749 904 omnino
1782 853 1839 905 et
1878 850 1992 904 duo
2025 850 2124 905 de-

176 935 399 1024 siderati
424 941 587 1001 sunt,
618 939 878 1008 equitum
909 942 1143 993 centum
1175 938 1606 1010 quinquaginta
1636 938 1954 995 interfecti.
1977 939 2127 994 Tan-

176 1025 279 1082 tulo
304 1025 602 1098 impendio
632 1029 856 1099 ingens
888 1027 1147 1082 victoria
1177 1025 1411 1082 stetit³⁰.

935 1282 1185 1339 CAPUT
1233 1282 1344 1337 XII

485 1434 739 1483 Conduite
768 1432 1111 1483 d’Alexandre
1140 1433 1168 1483 a
1197 1433 1395 1499 l'egard
1426 1432 1518 1483 des
1548 1434 1802 1496 captivae.

929 1566 1214 1622 (Novembre,
1239 1567 1358 1623 333.)

230 1724 355 1784 Rex
379 1725 626 1798 quidem
656 1726 901 1780 Darium
926 1727 1342 1798 persequendo
1380 1726 1682 1798 fatigatuS,
1721 1727 2038 1798 postquam
2069 1726 2128 1786 et

166 1825 277 1870 nox
318 1813 666 1885 appetebat¹
716 1817 774 1869 et
821 1814 1269 1885 consequendi'
1307 1830 1449 1884 spes
1493 1831 1616 1870 non
1661 1817 1804 1885 erat,
1836 1816 1901 1868 in
1931 1817 2126 1869 castra

167 1899 325 1967 paulo
365 1903 509 1957 ante
543 1917 575 1955 a
614 1902 743 1958 suis
781 1905 951 1973 capta
988 1901 1278 1973 pervenit.
1307 1903 1557 1958 Invitari
1596 1902 1801 1957 deinde
1831 1903 2058 1957 amicos
2081 1902 2119 1968 *‚

167 1989 371 2059 quibus
398 1991 662 2046 maxime
692 1995 1064 2058 assueverat,
1092 1992 1299 2063 jussit,
1329 1992 1545 2062 quippe
1566 2008 1798 2047 summa
1827 1991 2130 2046 dumtaxat

167 2079 311 2132 cutis
336 2080 400 2133 in
430 2078 653 2135 femine
683 2081 1003 2150 perstricta
1050 2094 1169 2135 non
1208 2079 1565 2149 prohibebat
1594 2079 1888 2134 interesse
1929 2079 2131 2133 convi-

164 2163 261 2220 vio
280 2165 302 2187 *
326 2183 339 2220 :
371 2183 504 2221 cum
531 2171 778 2239 repente
809 2183 843 2222 e
871 2168 1148 2237 proximo
1179 2166 1568 2225 tabernaculo
1592 2166 1866 2239 lugubris
1886 2167 2127 2232 clamor,

162 2251 413 2313 barbato
444 2256 674 2311 ululatu
693 2257 1050 2327 planctuque
1071 2256 1427 2327 permixtae,
1453 2254 1765 2325 epulantes
1782 2255 2128 2311 conterruit.

164 2338 427 2401 Cohors*
478 2358 737 2416 quoque,
769 2360 901 2416 quae
952 2344 1282 2399 excubabat
1328 2344 1401 2399 ad
1448 2343 1900 2398 taket-naculum
1945 2343 2129 2416 regis,

163 2433 345 2488 verita
373 2448 457 2491 ne
500 2432 746 2505 majoris
794 2436 993 2487 motus
1026 2433 1387 2502 principium
1436 2434 1616 2497 esset,
1651 2446 1881 2486 armare
1911 2448 1977 2486 se
2023 2447 2134 2486 coe-

163 2526 339 2590 perat.
373 2520 578 2577 Chusa
608 2522 789 2587 subiti
817 2522 1065 2593 pavoris
1095 2521 1223 2591 fuit,
1257 2521 1414 2593 quod
1444 2525 1635 2576 mater
1662 2536 1926 2593 uxorque
1968 2522 2103 2576 Dal
2091 2539 2134 2575 11

167 2623 289 2673 oum
315 2610 596 2682 captivis
619 2610 923 2665 nobilibus
953 2626 1179 2682 legem,
1208 2626 1389 2681 quem
1418 2609 1787 2666 interfectum
1832 2626 1969 2666 esse
2007 2627 2133 2666 cre-

169 2696 394 2768 debant,
426 2701 663 2771 ingenti
703 2702 926 2773 gemitu
955 2700 1295 2772 ejulatuque
1326 2701 1641 2756 deflebant.
1677 2701 1848 2755 Unus
1878 2717 2134 2773 namquo

168 2799 200 2840 e
238 2789 498 2859 captivis
528 2789 918 2858 spadonibuS,
953 2789 1055 2860 qui
1093 2787 1246 2844 forte
1299 2792 1433 2846 ante
1464 2789 1731 2860 ipsarum
1787 2789 2138 2844 tabernacu-

162 2986 352 3096 ἕνεκα
379 2992 595 3048 syllepse,
632 2990 713 3046 qni
756 2991 987 3036 substitue
1031 2991 1232 3036 l'accord
1281 2988 1474 3045 legique
1503 2989 1530 3034 a
1564 2989 1765 3035 laccord
1801 2988 2138 3045 grammatical-

220 3062 451 3109 mperez.

342 3153 491 3195 Entre
517 3150 564 3194 le
593 3161 754 3205 pauore
776 3155 822 3194 et
841 3161 976 3203 irone,
1006 3160 1124 3194 vous
1153 3148 1379 3204 prendrez
1408 3149 1523 3194 Dieu
1554 3161 1669 3200 nour
1686 3151 1816 3206 iuge,

342 3217 473 3256 vous
498 3218 778 3266 souvenant,
809 3222 915 3255 mon
946 3212 1055 3265 fils,·
1071 3223 1177 3271 que,
1207 3211 1349 3255 cache
1369 3223 1476 3256 sous
1497 3223 1552 3256 ce
1577 3213 1659 3264 lin,

345 3277 537 3320 Comme
561 3285 646 3319 emt
672 3285 790 3318 vous
808 3273 934 3319 futes
957 3285 1149 3329 pauvre,
1168 3278 1214 3318 et
1234 3284 1414 3318 comme
1441 3285 1527 3318 em:
1549 3274 1782 3329 orphelin.

1289 3352 1493 3408 (Recine,
1522 3353 1803 3406 Athacie,1v,
1832 3348 1908 3406 3.)

206 3414 282 3463 20.
317 3417 483 3473 Stetit,
514 3427 696 3464 comme
719 3417 942 3475 emutuit.

212 3478 308 3527 ΧΠ.
341 3500 404 3512 -
431 3485 474 3524 1.
503 3482 738 3535 Postquam
763 3486 810 3524 et
840 3480 1128 3534 l'imparfait.
1164 3479 1235 3526 cf.
1271 3482 1388 3535 111,1,
1418 3483 1530 3522 note
1555 3482 1628 3522 14.

208 3536 259 3587 ἱ.
287 3542 610 3597 consequendi.
629 3541 976 3587 sous-entendu
1005 3553 1125 3586 eum.

2182 1902 2216 1955 [Θ

2188 2524 2223 2577 4

2190 2703 2224 2755 5
