2517 3975
282 861 287 866 ’
341 887 371 941 1

338 2668 372 2724 7

434 185 539 242 294
1190 200 1246 245 Q.
1287 200 1458 242 cmm
1499 200 1634 238 num

1238 438 1492 496 GAPUT
1536 441 1594 496 X

1080 590 1344 642 Victoires
1382 590 1741 641 d'Alexandre.

1272 717 1388 779 (nte,
1416 724 1544 779 327.)

502 885 691 958 Igitur
714 882 1076 950 Alexandro,
1106 883 1243 938 finis
1264 885 1280 914 ¹
1312 882 1497 939 Indiae
1526 885 1825 957 ingr-esen,
1859 885 2126 958 gentium
2153 901 2376 940 suarum

424 973 665 1046 reguli'
703 976 1108 1042 occurrerunt,
1136 973 1423 1043 imperata
1464 972 1698 1043 facturi,
1730 975 1897 1029 illum
1935 975 2171 1029 tertium
2209 974 2378 1030 Jove*

429 1063 692 1135 genitum
717 1060 791 1115 ad
810 1061 978 1131 ipsos
999 1062 1348 1131 pervenisse
1370 1066 1761 1117 memorantes
1787 1081 1801 1118 z
1824 1064 2060 1118 Patrem
2085 1063 2380 1118 Liberum*

429 1154 603 1221 atque
634 1147 948 1204 Herculem
968 1150 988 1176 *
1021 1149 1173 1204 fama
1202 1151 1481 1222 cognitos
1520 1168 1676 1223 esse,
1705 1153 1904 1223 ipsum
1944 1167 2149 1207 coram
2186 1152 2380 1207 adesse

427 1239 726 1309 cernique.
770 1238 901 1293 Rex
931 1238 1189 1310 benigne
1229 1242 1509 1308 exceptos
1539 1240 1710 1310 sequi
1731 1240 1934 1311 Jussit,
1968 1239 2161 1294 isdem
2179 1238 2200 1269 ⁸
2218 1241 2379 1294 itine-

427 1343 562 1382 rum
579 1327 829 1382 ducihus
855 1342 1098 1381 usurus,
1113 1327 1382 1382 Ceterum
1412 1344 1545 1382 cum
1565 1329 1820 1399 amplius
1848 1343 2019 1383 nemo
2041 1331 2379 1395 occurreret,

427 1417 911 1489 Hephaestionem
939 1419 997 1471 et
1027 1417 1351 1472 Perdiccan
1389 1434 1524 1472 cum
1562 1419 1868 1488 copiarum
1904 1420 2072 1489 parte
2112 1418 2381 1489 proemisit

427 1509 501 1563 ad
547 1507 915 1578 subigendos
970 1506 1071 1576 qui
1108 1510 1532 1562 aversarentur
1581 1508 1932 1578 imperium;
1974 1508 2279 1579 jussitque
2322 1505 2383 1560 ad

424 1595 645 1650 flumen
674 1594 881 1649 Indum
911 1593 1255 1663 procedere,
1300 1598 1354 1649 et
1391 1595 1632 1668 navigia
1671 1595 1888 1663 facere,
1923 1596 2101 1667 quis*
2143 1598 2202 1651 in
2247 1594 2381 1649 ulte-

425 1686 584 1741 riora
610 1683 1006 1754 transportari
1031 1687 1239 1755 posset
1270 1685 1592 1740 exercituS.
1626 1685 1739 1753 Illi,
1773 1686 1913 1757 quia
1959 1683 2136 1755 plura
2161 1683 2382 1739 flumina

428 1772 762 1845 superanda
800 1774 991 1838 erant,
1031 1772 1122 1826 sic
1155 1771 1411 1845 junxere
1454 1775 1696 1842 naves³‚
1738 1777 1820 1840 ut,
1855 1772 2086 1842 solutae,
2119 1772 2381 1843 plaustris

425 1863 568 1918 vehi
611 1861 884 1933 possent,
926 1873 1259 1933 rursusque
1316 1862 1627 1934 conjungi.
1673 1863 1816 1918 Post
1862 1875 1932 1917 se
1972 1861 2220 1918 Cratero
2266 1871 2380 1916 cum

425 1953 722 2025 phalange
741 1950 764 1972 *
796 1949 973 2022 jusso
1003 1951 1200 2023 sequi,
1237 1952 1563 2023 equitatum
1582 1951 1604 1976 *
1643 1949 1709 2006 ac
1741 1949 1930 2007 levem
1961 1948 2378 2007 armaturam¹‘

426 2041 644 2108 eduxit,
677 2052 916 2111 eosque,
940 2039 1040 2111 qui
1070 2042 1606 2105 occurrerent‚levi
1636 2042 1850 2113 proelio
1881 2042 1943 2095 in
1965 2041 2179 2096 urbem
2200 2038 2377 2112 proxi-

424 2142 583 2187 mam
611 2126 910 2200 compulit.
941 2127 1072 2183 Jem
1111 2128 1537 2200 supervenerat
1564 2129 1868 2186 Craterus.
1891 2130 2113 2202 Itaque,
2136 2132 2199 2184 ut
2224 2126 2377 2199 prin·

427 2221 580 2291 cipio
626 2222 913 2275 terrorem
955 2218 1245 2274 incuteret
1291 2218 1452 2292 genti
1491 2219 1751 2274 nondum
1799 2235 1963 2274 arma
2013 2218 2378 2274 Macedonum

426 2311 707 2380 expertae4
754 2306 1028 2378 praecipit
1081 2322 1155 2361 ne
1211 2308 1308 2362 cui
1354 2310 1717 2378 parceretur,
1766 2309 2152 2362 munimentis
2201 2304 2371 2369 urhiS,

427 2408 599 2469 quam
636 2395 968 2460 obsidebat,
1001 2395 1288 2450 incensis.
1329 2394 1621 2465 Ceterum,
1664 2395 1803 2450 dum
1845 2394 2148 2468 obequitat
2184 2389 2375 2448 moeni-

425 2485 563 2554 bus,
596 2483 857 2554 sagitta*
884 2482 1060 2537 ictus,
1091 2483 1261 2554 Cepit
1299 2487 1496 2538 tamen
1536 2486 1836 2555 oppidum,
1870 2488 1948 2557 et,
1982 2483 2250 2539 omnihus
2287 2480 2369 2532 in-

424 2576 574 2630 colis
602 2573 734 2645 ejus
762 2571 1090 2641 trucidatis,
1122 2574 1300 2628 etiam
1328 2574 1394 2628 in
1419 2575 1572 2628 tecta
1603 2574 1872 2629 saevitum
1904 2577 2020 2629 est.

500 2664 663 2731 Inde,
687 2661 902 2718 domita
923 2661 1174 2733 ignobili
1192 2664 1211 2691 ⁷
1240 2665 1439 2734 gente,
1463 2663 1536 2718 ad
1562 2663 1787 2734 Nysam
1806 2664 1826 2692 ⁸
1859 2664 2066 2719 urbem
2103 2654 2359 2734 pervenit.

429 2755 604 2811 Forte
631 2752 846 2810 castris
861 2750 882 2771 *
901 2754 1033 2807 ante
1052 2753 1186 2824 ipsa
1206 2753 1422 2810 moenia
1450 2754 1513 2807 in
1536 2753 1800 2808 silvestri
1830 2753 1960 2808 loco
1990 2751 2209 2824 positis,
2230 2758 2358 2799 noc-

427 2846 667 2899 turnum
711 2846 929 2920 frigus,
958 2844 1365 2905 vehementius
1410 2857 1586 2914 quam
1628 2841 1809 2909 aliae.
1839 2841 2090 2901 horrore
2135 2844 2357 2905 corpora

480 3033 536 3077 x.
568 3052 622 3064 —
651 3036 693 3076 1.
729 3031 877 3079 Finis.
909 3030 1148 3075 Accusatif
1173 3042 1232 3074 en
1259 3030 1318 3073 is.
1349 3030 1420 3074 cf.
1446 3032 1517 3083 ΠΙ,
1543 3040 1630 3083 xn,
1658 3032 1768 3088 note
1790 3037 1831 3075 3.

479 3096 527 3137 2.
561 3092 739 3146 Reouli.
771 3096 858 3137 Les
880 3093 1074 3149 Rajehs.

480 3160 526 3200 3.
560 3152 700 3198 Isdem
728 3167 847 3210 pour
872 3156 1048 3200 iisdem
1076 3155 1218 3200 Cilv.
1250 3159 1493 3209 1111‚n0te
1522 3159 1563 3198 ’1.

479 3221 527 3262 ⁴.
563 3216 672 3269 Quis
694 3229 872 3267 comme
896 3218 1070 3272 quibus.
1107 3219 1490 3272 cf.111,11‚note
1517 3221 1565 3265 8

479 3282 524 3320 5.
559 3278 748 3320 Iunxere
774 3290 924 3322 naves..
950 3282 1196 3332 Comparez
1216 3280 1407 3333 juncera
1433 3283 1626 3333 pontem,
1662 3279 1927 3324 construire
1955 3289 2020 3325 un
2048 3281 2171 3333 pent.

483 3344 530 3383 6
567 3336 725 3378 Levem
752 3342 1020 3383 armaturam
1047 3352 1226 3387 comme
1255 3342 1427 3387 milites
1456 3342 1618 3391 leviter
1644 3347 1858 3392 ornatos.

481 3404 529 3442 7.
563 3395 767 3449 Ιρηοὸἰιί
796 3396 1017 3441 inconnu.
1056 3403 1171 3443 Sans
1205 3403 1346 3446 doute
1393 3405 1461 3446 les
1498 3404 1771 3459 Aspasiens,
1807 3375 1988 3461 penpie
2013 3397 2261 3450 mentium&
2285 3402 2351 3449 ΡΠ

432 3457 476 3499 d’
478 3461 635 3499 autres
660 3454 902 3499 historiens
928 3459 970 3501 α’
973 3459 1244 3505 Alexandre.

483 3520 530 3560 8.
564 3516 696 3570 Nysa.
725 3515 839 3559 Ville
866 3517 948 3561 des
974 3522 1371 3577 paropamisadae.
