<?xml version="1.0" encoding="UTF-8"?>
<!DOCTYPE html PUBLIC "-//W3C//DTD XHTML 1.0 Transitional//EN"
    "http://www.w3.org/TR/xhtml1/DTD/xhtml1-transitional.dtd">
<html xmlns="http://www.w3.org/1999/xhtml" xml:lang="en" lang="en">
 <head>
  <title>
</title>
<meta http-equiv="Content-Type" content="text/html;charset=utf-8" />
  <meta name='ocr-system' content='tesseract 3.04.00' />
  <meta name='ocr-capabilities' content='ocr_page ocr_carea ocr_par ocr_line ocrx_word'/>
</head>
<body>
  <div class='ocr_page' id='page_1' title='image "./qcurtirufihisto00brelgoog_0358.png"; bbox 0 0 2517 3975; ppageno 0'>
   <div class='ocr_carea' id='block_1_1' title="bbox 308 887 338 942">
    <p class='ocr_par' dir='ltr' id='par_1_1' title="bbox 308 887 338 942">
     <span class='ocr_line' id='line_1_1' title="bbox 308 887 338 942; baseline 0 0"><span class='ocrx_word' id='word_1_1' title='bbox 308 887 338 942; x_wconf 83' lang='lat'><strong>1</strong></span> 
     </span>
    </p>
   </div>
   <div class='ocr_carea' id='block_1_2' title="bbox 312 2841 347 2896">
    <p class='ocr_par' dir='ltr' id='par_1_2' title="bbox 312 2841 347 2896">
     <span class='ocr_line' id='line_1_2' title="bbox 312 2841 347 2896; baseline 0 0"><span class='ocrx_word' id='word_1_2' title='bbox 312 2841 347 2896; x_wconf 89' lang='lat'>8</span> 
     </span>
    </p>
   </div>
   <div class='ocr_carea' id='block_1_3' title="bbox 312 3019 348 3075">
    <p class='ocr_par' dir='ltr' id='par_1_3' title="bbox 312 3019 348 3075">
     <span class='ocr_line' id='line_1_3' title="bbox 312 3019 348 3075; baseline 0 0"><span class='ocrx_word' id='word_1_3' title='bbox 312 3019 348 3075; x_wconf 86' lang='lat'>9</span> 
     </span>
    </p>
   </div>
   <div class='ocr_carea' id='block_1_4' title="bbox 401 178 1599 237">
    <p class='ocr_par' dir='ltr' id='par_1_4' title="bbox 401 178 1599 237">
     <span class='ocr_line' id='line_1_4' title="bbox 401 178 1599 237; baseline -0.008 -1"><span class='ocrx_word' id='word_1_4' title='bbox 401 178 510 236; x_wconf 73' lang='lat'><strong>⁸18</strong></span> <span class='ocrx_word' id='word_1_5' title='bbox 1161 192 1215 237; x_wconf 82' lang='lat' dir='ltr'><strong>o.</strong></span> <span class='ocrx_word' id='word_1_6' title='bbox 1257 191 1426 230; x_wconf 70' lang='lat' dir='ltr'><strong>cunm</strong></span> <span class='ocrx_word' id='word_1_7' title='bbox 1463 189 1599 229; x_wconf 72' lang='lat' dir='ltr'><strong>num</strong></span> 
     </span>
    </p>
   </div>
   <div class='ocr_carea' id='block_1_5' title="bbox 1205 429 1556 487">
    <p class='ocr_par' dir='ltr' id='par_1_5' title="bbox 1205 429 1556 487">
     <span class='ocr_line' id='line_1_5' title="bbox 1205 429 1556 487; baseline -0.006 0"><span class='ocrx_word' id='word_1_8' title='bbox 1205 429 1458 487; x_wconf 86' lang='lat' dir='ltr'>CAPUT</span> <span class='ocrx_word' id='word_1_9' title='bbox 1503 431 1556 485; x_wconf 93' lang='lat'><strong>11</strong></span> 
     </span>
    </p>
   </div>
   <div class='ocr_carea' id='block_1_6' title="bbox 493 578 2274 635">
    <p class='ocr_par' dir='ltr' id='par_1_6' title="bbox 493 578 2274 635">
     <span class='ocr_line' id='line_1_6' title="bbox 493 578 2274 635; baseline -0.003 0"><span class='ocrx_word' id='word_1_10' title='bbox 493 584 959 635; x_wconf 80' lang='lat' dir='ltr'><strong>Me&#39;contentement</strong></span> <span class='ocrx_word' id='word_1_11' title='bbox 992 582 1088 632; x_wconf 82' lang='lat' dir='ltr'><strong>des</strong></span> <span class='ocrx_word' id='word_1_12' title='bbox 1116 580 1504 632; x_wconf 71' lang='lat' dir='ltr'><strong>Macedonicus.</strong></span> <span class='ocrx_word' id='word_1_13' title='bbox 1530 607 1595 618; x_wconf 91' lang='lat'>—</span> <span class='ocrx_word' id='word_1_14' title='bbox 1619 582 1870 631; x_wconf 85' lang='lat' dir='ltr'><strong>Discours</strong></span> <span class='ocrx_word' id='word_1_15' title='bbox 1898 578 2274 630; x_wconf 79' lang='lat' dir='ltr'><strong>d’Alexandre.</strong></span> 
     </span>
    </p>
   </div>
   <div class='ocr_carea' id='block_1_7' title="bbox 1174 710 1586 769">
    <p class='ocr_par' dir='ltr' id='par_1_7' title="bbox 1174 710 1586 769">
     <span class='ocr_line' id='line_1_7' title="bbox 1174 710 1586 769; baseline 0.002 -13"><span class='ocrx_word' id='word_1_16' title='bbox 1174 714 1434 769; x_wconf 80' lang='lat' dir='ltr'><strong>(Automne,</strong></span> <span class='ocrx_word' id='word_1_17' title='bbox 1461 710 1586 766; x_wconf 71' lang='lat'>323.)</span> 
     </span>
    </p>
   </div>
   <div class='ocr_carea' id='block_1_8' title="bbox 395 869 2368 3093">
    <p class='ocr_par' dir='ltr' id='par_1_8' title="bbox 395 869 2368 2819">
     <span class='ocr_line' id='line_1_8' title="bbox 470 869 2367 950; baseline 0.001 -17"><span class='ocrx_word' id='word_1_18' title='bbox 470 869 724 934; x_wconf 82' lang='lat' dir='ltr'><strong>Biduum</strong></span> <span class='ocrx_word' id='word_1_19' title='bbox 756 877 909 949; x_wconf 89' lang='lat' dir='ltr'><strong>apud</strong></span> <span class='ocrx_word' id='word_1_20' title='bbox 938 893 1071 933; x_wconf 90' lang='lat' dir='ltr'><strong>eum</strong></span> <span class='ocrx_word' id='word_1_21' title='bbox 1100 878 1370 933; x_wconf 82' lang='lat' dir='ltr'><strong>substitit</strong></span> <span class='ocrx_word' id='word_1_22' title='bbox 1396 898 1505 938; x_wconf 81' lang='lat' dir='ltr'><strong>rex</strong></span> <span class='ocrx_word' id='word_1_23' title='bbox 1528 896 1542 937; x_wconf 75' lang='lat' dir='ltr'><strong>t</strong></span> <span class='ocrx_word' id='word_1_24' title='bbox 1563 882 1738 939; x_wconf 85' lang='lat' dir='ltr'><strong>tertio</strong></span> <span class='ocrx_word' id='word_1_25' title='bbox 1768 882 1866 937; x_wconf 89' lang='lat' dir='ltr'><strong>die</strong></span> <span class='ocrx_word' id='word_1_26' title='bbox 1911 891 2143 933; x_wconf 87' lang='lat' dir='ltr'><strong>amnem</strong></span> <span class='ocrx_word' id='word_1_27' title='bbox 2183 889 2367 950; x_wconf 81' lang='lat' dir='ltr'><strong>supe-</strong></span> 
     </span>
     <span class='ocr_line' id='line_1_9' title="bbox 397 965 2368 1038; baseline 0.001 -16"><span class='ocrx_word' id='word_1_28' title='bbox 397 984 533 1024; x_wconf 86' lang='lat' dir='ltr'><strong>rare</strong></span> <span class='ocrx_word' id='word_1_29' title='bbox 555 967 913 1034; x_wconf 79' lang='lat' dir='ltr'><strong>decreverat,</strong></span> <span class='ocrx_word' id='word_1_30' title='bbox 950 967 1206 1021; x_wconf 86' lang='lat' dir='ltr'><strong>transitu</strong></span> <span class='ocrx_word' id='word_1_31' title='bbox 1235 965 1536 1020; x_wconf 86' lang='lat' dir='ltr'><strong>difficilem</strong></span> <span class='ocrx_word' id='word_1_32' title='bbox 1565 983 1686 1022; x_wconf 92' lang='lat' dir='ltr'><strong>non</strong></span> <span class='ocrx_word' id='word_1_33' title='bbox 1717 966 1912 1035; x_wconf 82' lang='lat' dir='ltr'><strong>spatio</strong></span> <span class='ocrx_word' id='word_1_34' title='bbox 1951 967 2143 1022; x_wconf 80' lang='lat' dir='ltr'><strong>solum</strong></span> <span class='ocrx_word' id='word_1_35' title='bbox 2187 971 2368 1038; x_wconf 72' lang='lat' dir='ltr'><strong>aqua-</strong></span> 
     </span>
     <span class='ocr_line' id='line_1_10' title="bbox 397 1054 2367 1129; baseline -0.001 -19"><span class='ocrx_word' id='word_1_36' title='bbox 397 1071 551 1121; x_wconf 85' lang='lat' dir='ltr'><strong>rum,</strong></span> <span class='ocrx_word' id='word_1_37' title='bbox 580 1055 686 1110; x_wconf 90' lang='lat' dir='ltr'><strong>sed</strong></span> <span class='ocrx_word' id='word_1_38' title='bbox 714 1055 889 1111; x_wconf 87' lang='lat' dir='ltr'><strong>etiam</strong></span> <span class='ocrx_word' id='word_1_39' title='bbox 911 1054 1075 1109; x_wconf 83' lang='lat' dir='ltr'><strong>saxis</strong></span> <span class='ocrx_word' id='word_1_40' title='bbox 1107 1055 1475 1127; x_wconf 89' lang='lat' dir='ltr'><strong>impeditum.</strong></span> <span class='ocrx_word' id='word_1_41' title='bbox 1501 1055 1886 1112; x_wconf 78' lang='lat' dir='ltr'>Percontatus</span> <span class='ocrx_word' id='word_1_42' title='bbox 1905 1055 2094 1127; x_wconf 80' lang='lat' dir='ltr'><strong>igitur</strong></span> <span class='ocrx_word' id='word_1_43' title='bbox 2108 1055 2367 1129; x_wconf 82' lang='lat' dir='ltr'><strong>Phegea,</strong></span> 
     </span>
     <span class='ocr_line' id='line_1_11' title="bbox 397 1144 2368 1215; baseline 0.001 -18"><span class='ocrx_word' id='word_1_44' title='bbox 397 1159 530 1214; x_wconf 79' lang='lat' dir='ltr'><strong>quae</strong></span> <span class='ocrx_word' id='word_1_45' title='bbox 568 1144 867 1198; x_wconf 87' lang='lat' dir='ltr'><strong>noscenda</strong></span> <span class='ocrx_word' id='word_1_46' title='bbox 912 1148 1100 1212; x_wconf 87' lang='lat' dir='ltr'><strong>erant,</strong></span> <span class='ocrx_word' id='word_1_47' title='bbox 1145 1160 1231 1198; x_wconf 77' lang='grc' dir='ltr'><strong>κη</strong></span> <span class='ocrx_word' id='word_1_48' title='bbox 1272 1144 1500 1200; x_wconf 88' lang='lat' dir='ltr'><strong>dierum</strong></span> <span class='ocrx_word' id='word_1_49' title='bbox 1548 1145 1703 1200; x_wconf 90' lang='lat' dir='ltr'><strong>ultra</strong></span> <span class='ocrx_word' id='word_1_50' title='bbox 1750 1146 1970 1200; x_wconf 87' lang='lat' dir='ltr'><strong>flumen</strong></span> <span class='ocrx_word' id='word_1_51' title='bbox 2014 1160 2124 1215; x_wconf 90' lang='lat' dir='ltr'><strong>per</strong></span> <span class='ocrx_word' id='word_1_52' title='bbox 2169 1147 2368 1200; x_wconf 83' lang='lat' dir='ltr'><strong>vastas</strong></span> 
     </span>
     <span class='ocr_line' id='line_1_12' title="bbox 396 1232 2365 1305; baseline 0 -18"><span class='ocrx_word' id='word_1_53' title='bbox 396 1232 753 1287; x_wconf 74' lang='lat' dir='ltr'><strong>solitudines</strong></span> <span class='ocrx_word' id='word_1_54' title='bbox 781 1234 896 1287; x_wconf 88' lang='lat' dir='ltr'><strong>iter</strong></span> <span class='ocrx_word' id='word_1_55' title='bbox 921 1248 1057 1288; x_wconf 90' lang='lat' dir='ltr'><strong>esse</strong></span> <span class='ocrx_word' id='word_1_56' title='bbox 1098 1235 1452 1304; x_wconf 74' lang='lat' dir='ltr'><strong>cognoscit:</strong></span> <span class='ocrx_word' id='word_1_57' title='bbox 1485 1235 1798 1305; x_wconf 84' lang='lat' dir='ltr'><strong>excipere¹</strong></span> <span class='ocrx_word' id='word_1_58' title='bbox 1840 1234 2049 1289; x_wconf 87' lang='lat' dir='ltr'><strong>deinde</strong></span> <span class='ocrx_word' id='word_1_59' title='bbox 2090 1232 2365 1304; x_wconf 79' lang='lat' dir='ltr'><strong>Gangen,</strong></span> 
     </span>
     <span class='ocr_line' id='line_1_13' title="bbox 397 1320 2366 1392; baseline -0.001 -16"><span class='ocrx_word' id='word_1_60' title='bbox 397 1320 719 1377; x_wconf 85' lang='lat' dir='ltr'><strong>maximum</strong></span> <span class='ocrx_word' id='word_1_61' title='bbox 749 1321 927 1376; x_wconf 89' lang='lat' dir='ltr'><strong>totius</strong></span> <span class='ocrx_word' id='word_1_62' title='bbox 956 1320 1138 1375; x_wconf 85' lang='lat' dir='ltr'><strong>Indiae</strong></span> <span class='ocrx_word' id='word_1_63' title='bbox 1168 1321 1513 1379; x_wconf 67' lang='lat' dir='ltr'><strong>fluminum}</strong></span> <span class='ocrx_word' id='word_1_64' title='bbox 1544 1324 1892 1379; x_wconf 78' lang='lat' dir='ltr'><strong>ulteriorem</strong></span> <span class='ocrx_word' id='word_1_65' title='bbox 1937 1323 2120 1392; x_wconf 83' lang='lat' dir='ltr'><strong>ripam</strong></span> <span class='ocrx_word' id='word_1_66' title='bbox 2168 1323 2366 1376; x_wconf 82' lang='lat' dir='ltr'><strong>colere</strong></span> 
     </span>
     <span class='ocr_line' id='line_1_14' title="bbox 395 1409 2364 1484; baseline 0 -20"><span class='ocrx_word' id='word_1_67' title='bbox 395 1411 612 1482; x_wconf 77' lang='lat' dir='ltr'><strong>gentes</strong></span> <span class='ocrx_word' id='word_1_68' title='bbox 639 1409 1007 1481; x_wconf 70' lang='lat' dir='ltr'><strong>Gangaridas</strong></span> <span class='ocrx_word' id='word_1_69' title='bbox 1024 1409 1046 1435; x_wconf 79' lang='lat'>⁸</span> <span class='ocrx_word' id='word_1_70' title='bbox 1073 1414 1131 1463; x_wconf 90' lang='lat' dir='ltr'><strong>et</strong></span> <span class='ocrx_word' id='word_1_71' title='bbox 1160 1410 1407 1465; x_wconf 87' lang='lat' dir='ltr'><strong>Prasios</strong></span> <span class='ocrx_word' id='word_1_72' title='bbox 1424 1412 1466 1480; x_wconf 80' lang='lat'><strong>⁸,</strong></span> <span class='ocrx_word' id='word_1_73' title='bbox 1490 1427 1812 1484; x_wconf 88' lang='lat' dir='ltr'><strong>eorumque</strong></span> <span class='ocrx_word' id='word_1_74' title='bbox 1839 1426 2044 1482; x_wconf 81' lang='lat' dir='ltr'><strong>regem</strong></span> <span class='ocrx_word' id='word_1_75' title='bbox 2071 1425 2212 1465; x_wconf 86' lang='lat' dir='ltr'><strong>esse</strong></span> <span class='ocrx_word' id='word_1_76' title='bbox 2241 1409 2364 1481; x_wconf 81' lang='lat' dir='ltr'><strong>Ag-</strong></span> 
     </span>
     <span class='ocr_line' id='line_1_15' title="bbox 397 1497 2365 1572; baseline -0.001 -19"><span class='ocrx_word' id='word_1_77' title='bbox 397 1513 727 1568; x_wconf 80' lang='lat' dir='ltr'><strong>grammen,</strong></span> <span class='ocrx_word' id='word_1_78' title='bbox 758 1515 843 1553; x_wconf 82' lang='lat' dir='ltr'><strong>xx</strong></span> <span class='ocrx_word' id='word_1_79' title='bbox 871 1497 1135 1554; x_wconf 88' lang='lat' dir='ltr'><strong>millibus</strong></span> <span class='ocrx_word' id='word_1_80' title='bbox 1165 1500 1430 1572; x_wconf 88' lang='lat' dir='ltr'><strong>equitum</strong></span> <span class='ocrx_word' id='word_1_81' title='bbox 1460 1502 1849 1572; x_wconf 76' lang='lat' dir='ltr'><strong>ducentisque</strong></span> <span class='ocrx_word' id='word_1_82' title='bbox 1884 1501 2149 1572; x_wconf 88' lang='lat' dir='ltr'><strong>peditum</strong></span> <span class='ocrx_word' id='word_1_83' title='bbox 2198 1499 2365 1555; x_wconf 86' lang='lat' dir='ltr'><strong>obsi-</strong></span> 
     </span>
     <span class='ocr_line' id='line_1_16' title="bbox 396 1586 2365 1661; baseline -0.001 -19"><span class='ocrx_word' id='word_1_84' title='bbox 396 1586 630 1644; x_wconf 81' lang='lat' dir='ltr'><strong>dentem</strong></span> <span class='ocrx_word' id='word_1_85' title='bbox 659 1587 810 1641; x_wconf 75' lang='lat' dir='ltr'><strong>viaS.</strong></span> <span class='ocrx_word' id='word_1_86' title='bbox 839 1586 932 1642; x_wconf 87' lang='lat' dir='ltr'><strong>Ad</strong></span> <span class='ocrx_word' id='word_1_87' title='bbox 960 1587 1070 1643; x_wconf 89' lang='lat' dir='ltr'><strong>hoo</strong></span> <span class='ocrx_word' id='word_1_88' title='bbox 1094 1588 1514 1661; x_wconf 84' lang='lat' dir='ltr'><strong>quadrigarum</strong></span> <span class='ocrx_word' id='word_1_89' title='bbox 1540 1608 1583 1645; x_wconf 77' lang='grc' dir='ltr'><strong>ιι</strong></span> <span class='ocrx_word' id='word_1_90' title='bbox 1610 1591 1795 1646; x_wconf 90' lang='lat' dir='ltr'><strong>millia</strong></span> <span class='ocrx_word' id='word_1_91' title='bbox 1821 1589 2075 1660; x_wconf 85' lang='lat' dir='ltr'><strong>trahere,</strong></span> <span class='ocrx_word' id='word_1_92' title='bbox 2105 1592 2183 1655; x_wconf 87' lang='lat' dir='ltr'><strong>et,</strong></span> <span class='ocrx_word' id='word_1_93' title='bbox 2220 1603 2365 1660; x_wconf 75' lang='lat' dir='ltr'><strong>prse-</strong></span> 
     </span>
     <span class='ocr_line' id='line_1_17' title="bbox 398 1677 2362 1751; baseline 0 -19"><span class='ocrx_word' id='word_1_94' title='bbox 398 1679 635 1747; x_wconf 87' lang='lat' dir='ltr'><strong>cipuum</strong></span> <span class='ocrx_word' id='word_1_95' title='bbox 680 1679 999 1743; x_wconf 89' lang='lat' dir='ltr'><strong>terrorem,</strong></span> <span class='ocrx_word' id='word_1_96' title='bbox 1039 1677 1414 1748; x_wconf 81' lang='lat' dir='ltr'><strong>elephantos,</strong></span> <span class='ocrx_word' id='word_1_97' title='bbox 1460 1696 1612 1751; x_wconf 86' lang='lat' dir='ltr'><strong>quos</strong></span> <span class='ocrx_word' id='word_1_98' title='bbox 1654 1695 1720 1735; x_wconf 85' lang='lat'><strong>111</strong></span> <span class='ocrx_word' id='word_1_99' title='bbox 1760 1680 2009 1735; x_wconf 91' lang='lat' dir='ltr'><strong>millium</strong></span> <span class='ocrx_word' id='word_1_100' title='bbox 2054 1692 2362 1734; x_wconf 80' lang='lat' dir='ltr'><strong>numerum</strong></span> 
     </span>
     <span class='ocr_line' id='line_1_18' title="bbox 399 1764 2360 1839; baseline -0.001 -18"><span class='ocrx_word' id='word_1_101' title='bbox 399 1766 638 1838; x_wconf 86' lang='lat' dir='ltr'><strong>explere</strong></span> <span class='ocrx_word' id='word_1_102' title='bbox 666 1764 916 1820; x_wconf 86' lang='lat' dir='ltr'><strong>dicebat.</strong></span> <span class='ocrx_word' id='word_1_103' title='bbox 949 1766 1326 1822; x_wconf 88' lang='lat' dir='ltr'><strong>Incredibilia</strong></span> <span class='ocrx_word' id='word_1_104' title='bbox 1365 1769 1497 1839; x_wconf 81' lang='lat' dir='ltr'><strong>regi</strong></span> <span class='ocrx_word' id='word_1_105' title='bbox 1542 1770 1742 1823; x_wconf 88' lang='lat' dir='ltr'><strong>omnia</strong></span> <span class='ocrx_word' id='word_1_106' title='bbox 1770 1769 2145 1824; x_wconf 85' lang='lat' dir='ltr'><strong>videbantur.</strong></span> <span class='ocrx_word' id='word_1_107' title='bbox 2176 1766 2360 1837; x_wconf 72' lang='lat' dir='ltr'><strong>Igitur</strong></span> 
     </span>
     <span class='ocr_line' id='line_1_19' title="bbox 395 1855 2351 1928; baseline -0.002 -17"><span class='ocrx_word' id='word_1_108' title='bbox 395 1856 619 1911; x_wconf 89' lang='lat' dir='ltr'><strong>Porum</strong></span> <span class='ocrx_word' id='word_1_109' title='bbox 645 1883 718 1895; x_wconf 93' lang='grc'>-</span> <span class='ocrx_word' id='word_1_110' title='bbox 744 1870 880 1909; x_wconf 87' lang='lat' dir='ltr'><strong>nam</strong></span> <span class='ocrx_word' id='word_1_111' title='bbox 911 1871 1044 1910; x_wconf 89' lang='lat' dir='ltr'><strong>cum</strong></span> <span class='ocrx_word' id='word_1_112' title='bbox 1074 1871 1145 1911; x_wconf 90' lang='lat' dir='ltr'><strong>eo</strong></span> <span class='ocrx_word' id='word_1_113' title='bbox 1167 1860 1295 1910; x_wconf 88' lang='lat' dir='ltr'><strong>erat</strong></span> <span class='ocrx_word' id='word_1_114' title='bbox 1324 1887 1393 1898; x_wconf 91' lang='grc'><strong>--</strong></span> <span class='ocrx_word' id='word_1_115' title='bbox 1421 1861 1803 1928; x_wconf 87' lang='lat' dir='ltr'><strong>percontatur</strong></span> <span class='ocrx_word' id='word_1_116' title='bbox 1829 1874 1904 1912; x_wconf 88' lang='lat' dir='ltr'><strong>an</strong></span> <span class='ocrx_word' id='word_1_117' title='bbox 1923 1858 1945 1888; x_wconf 76' lang='lat'><strong>⁴</strong></span> <span class='ocrx_word' id='word_1_118' title='bbox 1969 1871 2117 1913; x_wconf 81' lang='lat' dir='ltr'><strong>vera</strong></span> <span class='ocrx_word' id='word_1_119' title='bbox 2135 1855 2351 1920; x_wconf 80' lang='lat' dir='ltr'><strong>essent,</strong></span> 
     </span>
     <span class='ocr_line' id='line_1_20' title="bbox 398 1942 2352 2021; baseline -0.002 -22"><span class='ocrx_word' id='word_1_120' title='bbox 398 1959 530 2017; x_wconf 81' lang='lat' dir='ltr'><strong>quae</strong></span> <span class='ocrx_word' id='word_1_121' title='bbox 567 1943 926 2001; x_wconf 76' lang='lat' dir='ltr'><strong>dicerentur.</strong></span> <span class='ocrx_word' id='word_1_122' title='bbox 961 1945 1065 2001; x_wconf 91' lang='lat' dir='ltr'><strong>Ille</strong></span> <span class='ocrx_word' id='word_1_123' title='bbox 1090 1946 1263 2000; x_wconf 82' lang='lat' dir='ltr'><strong>vires</strong></span> <span class='ocrx_word' id='word_1_124' title='bbox 1291 1946 1527 2016; x_wconf 91' lang='lat' dir='ltr'><strong>quidem</strong></span> <span class='ocrx_word' id='word_1_125' title='bbox 1556 1947 1755 2021; x_wconf 83' lang='lat' dir='ltr'><strong>gentis</strong></span> <span class='ocrx_word' id='word_1_126' title='bbox 1783 1949 1840 2003; x_wconf 90' lang='lat' dir='ltr'><strong>et</strong></span> <span class='ocrx_word' id='word_1_127' title='bbox 1867 1947 2042 2019; x_wconf 77' lang='lat' dir='ltr'><strong>regni</strong></span> <span class='ocrx_word' id='word_1_128' title='bbox 2071 1944 2228 2001; x_wconf 87' lang='lat' dir='ltr'><strong>haud</strong></span> <span class='ocrx_word' id='word_1_129' title='bbox 2251 1942 2352 1998; x_wconf 76' lang='lat' dir='ltr'><strong>fal-</strong></span> 
     </span>
     <span class='ocr_line' id='line_1_21' title="bbox 398 2033 2350 2108; baseline -0.003 -18"><span class='ocrx_word' id='word_1_130' title='bbox 398 2051 467 2090; x_wconf 88' lang='lat' dir='ltr'><strong>so</strong></span> <span class='ocrx_word' id='word_1_131' title='bbox 493 2034 703 2105; x_wconf 80' lang='lat' dir='ltr'><strong>jactari</strong></span> <span class='ocrx_word' id='word_1_132' title='bbox 722 2033 974 2088; x_wconf 84' lang='lat' dir='ltr'><strong>affirmat</strong></span> <span class='ocrx_word' id='word_1_133' title='bbox 1000 2052 1013 2089; x_wconf 76' lang='lat' dir='ltr'>z</span> <span class='ocrx_word' id='word_1_134' title='bbox 1043 2057 1065 2082; x_wconf 90' lang='lat'>«</span> <span class='ocrx_word' id='word_1_135' title='bbox 1093 2038 1377 2101; x_wconf 85' lang='lat' dir='ltr'><strong>ceterum,</strong></span> <span class='ocrx_word' id='word_1_136' title='bbox 1400 2036 1503 2108; x_wconf 88' lang='lat' dir='ltr'><strong>qui</strong></span> <span class='ocrx_word' id='word_1_137' title='bbox 1531 2040 1833 2108; x_wconf 81' lang='lat' dir='ltr'><strong>regnaret,</strong></span> <span class='ocrx_word' id='word_1_138' title='bbox 1856 2052 1977 2092; x_wconf 91' lang='lat' dir='ltr'><strong>non</strong></span> <span class='ocrx_word' id='word_1_139' title='bbox 1998 2035 2172 2091; x_wconf 88' lang='lat' dir='ltr'><strong>modo</strong></span> <span class='ocrx_word' id='word_1_140' title='bbox 2194 2035 2350 2105; x_wconf 80' lang='lat' dir='ltr'><strong>igno·</strong></span> 
     </span>
     <span class='ocr_line' id='line_1_22' title="bbox 396 2120 2346 2196; baseline -0.002 -18"><span class='ocrx_word' id='word_1_141' title='bbox 396 2123 576 2178; x_wconf 88' lang='lat' dir='ltr'><strong>bilem</strong></span> <span class='ocrx_word' id='word_1_142' title='bbox 607 2137 766 2193; x_wconf 86' lang='lat' dir='ltr'><strong>esse,</strong></span> <span class='ocrx_word' id='word_1_143' title='bbox 795 2124 899 2177; x_wconf 81' lang='lat' dir='ltr'><strong>sed</strong></span> <span class='ocrx_word' id='word_1_144' title='bbox 937 2120 1113 2178; x_wconf 78' lang='lat' dir='ltr'><strong>etia&#39;m</strong></span> <span class='ocrx_word' id='word_1_145' title='bbox 1159 2125 1386 2179; x_wconf 80' lang='lat' dir='ltr'><strong>ultimae</strong></span> <span class='ocrx_word' id='word_1_146' title='bbox 1424 2125 1627 2194; x_wconf 75' lang='lat' dir='ltr'><strong>sortiS,</strong></span> <span class='ocrx_word' id='word_1_147' title='bbox 1676 2125 1890 2196; x_wconf 85' lang='lat' dir='ltr'><strong>quippe</strong></span> <span class='ocrx_word' id='word_1_148' title='bbox 1938 2128 2164 2196; x_wconf 87' lang='lat' dir='ltr'><strong>patrem</strong></span> <span class='ocrx_word' id='word_1_149' title='bbox 2206 2122 2346 2193; x_wconf 82' lang='lat' dir='ltr'><strong>ejus,</strong></span> 
     </span>
     <span class='ocr_line' id='line_1_23' title="bbox 397 2212 2351 2285; baseline -0.001 -20"><span class='ocrx_word' id='word_1_150' title='bbox 397 2212 722 2281; x_wconf 84' lang='lat' dir='ltr'><strong>tonsorem,</strong></span> <span class='ocrx_word' id='word_1_151' title='bbox 752 2212 858 2267; x_wconf 83' lang='lat' dir='ltr'><strong>vix</strong></span> <span class='ocrx_word' id='word_1_152' title='bbox 885 2214 1101 2268; x_wconf 89' lang='lat' dir='ltr'><strong>diurno</strong></span> <span class='ocrx_word' id='word_1_153' title='bbox 1131 2217 1365 2284; x_wconf 80' lang='lat' dir='ltr'><strong>quaestu</strong></span> <span class='ocrx_word' id='word_1_154' title='bbox 1394 2215 1848 2285; x_wconf 83' lang='lat' dir='ltr'><strong>propulsantem</strong></span> <span class='ocrx_word' id='word_1_155' title='bbox 1867 2214 2106 2282; x_wconf 83' lang='lat' dir='ltr'><strong>famem,</strong></span> <span class='ocrx_word' id='word_1_156' title='bbox 2126 2214 2351 2284; x_wconf 80' lang='lat' dir='ltr'><strong>prepter</strong></span> 
     </span>
     <span class='ocr_line' id='line_1_24' title="bbox 398 2301 2349 2376; baseline -0.003 -18"><span class='ocrx_word' id='word_1_157' title='bbox 398 2302 659 2358; x_wconf 87' lang='lat' dir='ltr'><strong>habitum</strong></span> <span class='ocrx_word' id='word_1_158' title='bbox 686 2301 845 2357; x_wconf 86' lang='lat' dir='ltr'><strong>haud</strong></span> <span class='ocrx_word' id='word_1_159' title='bbox 864 2302 1212 2358; x_wconf 86' lang='lat' dir='ltr'><strong>indecorum</strong></span> <span class='ocrx_word' id='word_1_160' title='bbox 1241 2305 1408 2358; x_wconf 89' lang='lat' dir='ltr'><strong>cordi</strong></span> <span class='ocrx_word' id='word_1_161' title='bbox 1430 2302 1620 2359; x_wconf 87' lang='lat' dir='ltr'><strong>fuisse</strong></span> <span class='ocrx_word' id='word_1_162' title='bbox 1656 2304 1899 2376; x_wconf 71' lang='lat' dir='ltr'><strong>reginae.</strong></span> <span class='ocrx_word' id='word_1_163' title='bbox 1923 2303 2013 2359; x_wconf 87' lang='lat' dir='ltr'><strong>Ab</strong></span> <span class='ocrx_word' id='word_1_164' title='bbox 2042 2314 2113 2358; x_wconf 84' lang='lat' dir='ltr'><strong>ea</strong></span> <span class='ocrx_word' id='word_1_165' title='bbox 2140 2303 2198 2356; x_wconf 87' lang='lat' dir='ltr'><strong>in</strong></span> <span class='ocrx_word' id='word_1_166' title='bbox 2225 2313 2349 2371; x_wconf 89' lang='lat' dir='ltr'><strong>pro-</strong></span> 
     </span>
     <span class='ocr_line' id='line_1_25' title="bbox 397 2388 2344 2461; baseline -0.001 -17"><span class='ocrx_word' id='word_1_167' title='bbox 397 2390 627 2461; x_wconf 83' lang='lat' dir='ltr'><strong>piorem</strong></span> <span class='ocrx_word' id='word_1_168' title='bbox 655 2388 803 2460; x_wconf 89' lang='lat' dir='ltr'><strong>ejus,</strong></span> <span class='ocrx_word' id='word_1_169' title='bbox 838 2391 940 2461; x_wconf 88' lang='lat' dir='ltr'><strong>qui</strong></span> <span class='ocrx_word' id='word_1_170' title='bbox 966 2393 1091 2446; x_wconf 86' lang='lat' dir='ltr'><strong>tum</strong></span> <span class='ocrx_word' id='word_1_171' title='bbox 1121 2394 1457 2461; x_wconf 79' lang='lat' dir='ltr'><strong>regnasset,</strong></span> <span class='ocrx_word' id='word_1_172' title='bbox 1498 2392 1769 2447; x_wconf 83' lang='lat' dir='ltr'><strong>amicitiae</strong></span> <span class='ocrx_word' id='word_1_173' title='bbox 1816 2393 2017 2447; x_wconf 89' lang='lat' dir='ltr'><strong>locum</strong></span> <span class='ocrx_word' id='word_1_174' title='bbox 2054 2391 2344 2453; x_wconf 76' lang='lat' dir='ltr'><strong>admotum,</strong></span> 
     </span>
     <span class='ocr_line' id='line_1_26' title="bbox 398 2477 2343 2551; baseline -0.001 -19"><span class='ocrx_word' id='word_1_175' title='bbox 398 2477 708 2534; x_wconf 73' lang='lat' dir='ltr'><strong>interfecto</strong></span> <span class='ocrx_word' id='word_1_176' title='bbox 737 2495 807 2534; x_wconf 92' lang='lat' dir='ltr'><strong>eo</strong></span> <span class='ocrx_word' id='word_1_177' title='bbox 841 2495 947 2549; x_wconf 90' lang='lat' dir='ltr'><strong>per</strong></span> <span class='ocrx_word' id='word_1_178' title='bbox 974 2479 1251 2548; x_wconf 87' lang='lat' dir='ltr'><strong>insidias,</strong></span> <span class='ocrx_word' id='word_1_179' title='bbox 1286 2479 1396 2535; x_wconf 87' lang='lat' dir='ltr'><strong>suh</strong></span> <span class='ocrx_word' id='word_1_180' title='bbox 1428 2481 1627 2551; x_wconf 88' lang='lat' dir='ltr'><strong>specie</strong></span> <span class='ocrx_word' id='word_1_181' title='bbox 1665 2481 1863 2536; x_wconf 83' lang='lat' dir='ltr'><strong>tutelae</strong></span> <span class='ocrx_word' id='word_1_182' title='bbox 1894 2481 2180 2537; x_wconf 86' lang='lat' dir='ltr'><strong>liberum⁸</strong></span> <span class='ocrx_word' id='word_1_183' title='bbox 2203 2477 2343 2550; x_wconf 82' lang='lat' dir='ltr'><strong>ejus,</strong></span> 
     </span>
     <span class='ocr_line' id='line_1_27' title="bbox 398 2568 2337 2642; baseline -0.001 -20"><span class='ocrx_word' id='word_1_184' title='bbox 398 2568 703 2624; x_wconf 81' lang='lat' dir='ltr'><strong>invasisse</strong></span> <span class='ocrx_word' id='word_1_185' title='bbox 719 2584 995 2641; x_wconf 79' lang='lat' dir='ltr'><strong>regnum,</strong></span> <span class='ocrx_word' id='word_1_186' title='bbox 1016 2571 1360 2640; x_wconf 88' lang='lat' dir='ltr'><strong>necatisque</strong></span> <span class='ocrx_word' id='word_1_187' title='bbox 1380 2572 1605 2640; x_wconf 83' lang='lat' dir='ltr'><strong>pueris,</strong></span> <span class='ocrx_word' id='word_1_188' title='bbox 1625 2571 1802 2637; x_wconf 84' lang='lat' dir='ltr'><strong>hunc,</strong></span> <span class='ocrx_word' id='word_1_189' title='bbox 1820 2570 1924 2642; x_wconf 79' lang='lat' dir='ltr'><strong>qui</strong></span> <span class='ocrx_word' id='word_1_190' title='bbox 1952 2586 2112 2626; x_wconf 85' lang='lat' dir='ltr'><strong>nunc</strong></span> <span class='ocrx_word' id='word_1_191' title='bbox 2133 2569 2337 2640; x_wconf 69' lang='lat' dir='ltr'><strong>regnat,</strong></span> 
     </span>
     <span class='ocr_line' id='line_1_28' title="bbox 401 2658 2338 2732; baseline -0.001 -19"><span class='ocrx_word' id='word_1_192' title='bbox 401 2672 744 2729; x_wconf 79' lang='lat' dir='ltr'><strong>generasse,</strong></span> <span class='ocrx_word' id='word_1_193' title='bbox 786 2658 1048 2713; x_wconf 82' lang='lat' dir='ltr'><strong>invisum</strong></span> <span class='ocrx_word' id='word_1_194' title='bbox 1086 2660 1379 2729; x_wconf 85' lang='lat' dir='ltr'><strong>vilemque</strong></span> <span class='ocrx_word' id='word_1_195' title='bbox 1428 2660 1836 2729; x_wconf 88' lang='lat' dir='ltr'><strong>popularibus,</strong></span> <span class='ocrx_word' id='word_1_196' title='bbox 1865 2660 2065 2732; x_wconf 79' lang='lat' dir='ltr'><strong>magis</strong></span> <span class='ocrx_word' id='word_1_197' title='bbox 2110 2662 2338 2731; x_wconf 82' lang='lat' dir='ltr'><strong>paternae</strong></span> 
     </span>
     <span class='ocr_line' id='line_1_29' title="bbox 400 2739 1559 2819; baseline -0.003 -19"><span class='ocrx_word' id='word_1_198' title='bbox 400 2746 653 2805; x_wconf 83' lang='lat' dir='ltr'><strong>fortunae</strong></span> <span class='ocrx_word' id='word_1_199' title='bbox 681 2763 859 2819; x_wconf 74' lang='lat' dir='ltr'><strong>quam</strong></span> <span class='ocrx_word' id='word_1_200' title='bbox 890 2763 1017 2802; x_wconf 84' lang='lat' dir='ltr'><strong>suae</strong></span> <span class='ocrx_word' id='word_1_201' title='bbox 1047 2763 1388 2803; x_wconf 87' lang='lat' dir='ltr'><strong>memorem.</strong></span> <span class='ocrx_word' id='word_1_202' title='bbox 1418 2772 1440 2797; x_wconf 82' lang='grc'>»</span> <span class='ocrx_word' id='word_1_203' title='bbox 1553 2739 1559 2746; x_wconf 82' lang='grc'><strong>’</strong></span> 
     </span>
    </p>

    <p class='ocr_par' dir='ltr' id='par_1_9' title="bbox 403 2833 2335 3093">
     <span class='ocr_line' id='line_1_30' title="bbox 473 2833 2335 2910; baseline -0.001 -22"><span class='ocrx_word' id='word_1_204' title='bbox 473 2833 800 2890; x_wconf 86' lang='lat' dir='ltr'><strong>Affirmatio</strong></span> <span class='ocrx_word' id='word_1_205' title='bbox 828 2836 970 2889; x_wconf 89' lang='lat' dir='ltr'><strong>Pori</strong></span> <span class='ocrx_word' id='word_1_206' title='bbox 1006 2836 1390 2906; x_wconf 88' lang='lat' dir='ltr'><strong>multiplicem</strong></span> <span class='ocrx_word' id='word_1_207' title='bbox 1417 2838 1612 2895; x_wconf 85' lang='lat' dir='ltr'><strong>animo</strong></span> <span class='ocrx_word' id='word_1_208' title='bbox 1640 2837 1802 2909; x_wconf 78' lang='lat' dir='ltr'><strong>regis</strong></span> <span class='ocrx_word' id='word_1_209' title='bbox 1828 2837 2117 2910; x_wconf 82' lang='lat' dir='ltr'><strong>injecerat</strong></span> <span class='ocrx_word' id='word_1_210' title='bbox 2144 2847 2335 2891; x_wconf 53' lang='lat' dir='ltr'><strong>caram:</strong></span> 
     </span>
     <span class='ocr_line' id='line_1_31' title="bbox 404 2921 2331 2998; baseline -0.001 -19"><span class='ocrx_word' id='word_1_211' title='bbox 404 2925 651 2981; x_wconf 88' lang='lat' dir='ltr'><strong>Hostem</strong></span> <span class='ocrx_word' id='word_1_212' title='bbox 679 2925 1002 2998; x_wconf 86' lang='lat' dir='ltr'><strong>beluasque</strong></span> <span class='ocrx_word' id='word_1_213' title='bbox 1033 2926 1384 2996; x_wconf 86' lang='lat' dir='ltr'><strong>spernebat;</strong></span> <span class='ocrx_word' id='word_1_214' title='bbox 1427 2927 1606 2981; x_wconf 87' lang='lat' dir='ltr'><strong>situm</strong></span> <span class='ocrx_word' id='word_1_215' title='bbox 1637 2928 1902 2982; x_wconf 86' lang='lat' dir='ltr'><strong>locorum</strong></span> <span class='ocrx_word' id='word_1_216' title='bbox 1933 2931 1989 2983; x_wconf 89' lang='lat' dir='ltr'><strong>et</strong></span> <span class='ocrx_word' id='word_1_217' title='bbox 2016 2927 2136 2980; x_wconf 87' lang='lat' dir='ltr'><strong>vim</strong></span> <span class='ocrx_word' id='word_1_218' title='bbox 2171 2921 2331 2979; x_wconf 84' lang='lat' dir='ltr'><strong>flumi-</strong></span> 
     </span>
     <span class='ocr_line' id='line_1_32' title="bbox 403 3011 2329 3093; baseline -0.002 -24"><span class='ocrx_word' id='word_1_219' title='bbox 403 3031 543 3071; x_wconf 89' lang='lat' dir='ltr'><strong>num</strong></span> <span class='ocrx_word' id='word_1_220' title='bbox 573 3016 1017 3070; x_wconf 82' lang='lat' dir='ltr'><strong>extimescebat.</strong></span> <span class='ocrx_word' id='word_1_221' title='bbox 1053 3014 1373 3093; x_wconf 81' lang='lat' dir='ltr'><strong>Relegatos</strong></span> <span class='ocrx_word' id='word_1_222' title='bbox 1412 3017 1476 3069; x_wconf 90' lang='lat' dir='ltr'><strong>in</strong></span> <span class='ocrx_word' id='word_1_223' title='bbox 1505 3017 1771 3071; x_wconf 86' lang='lat' dir='ltr'><strong>ultimum</strong></span> <span class='ocrx_word' id='word_1_224' title='bbox 1805 3030 1978 3088; x_wconf 82' lang='lat' dir='ltr'><strong>paene</strong></span> <span class='ocrx_word' id='word_1_225' title='bbox 2017 3030 2206 3070; x_wconf 88' lang='lat' dir='ltr'><strong>rerum</strong></span> <span class='ocrx_word' id='word_1_226' title='bbox 2239 3011 2329 3064; x_wconf 86' lang='lat' dir='ltr'><strong>hu-</strong></span> 
     </span>
    </p>
   </div>
   <div class='ocr_carea' id='block_1_9' title="bbox 407 3199 2322 3367">
    <p class='ocr_par' dir='ltr' id='par_1_10' title="bbox 407 3199 2322 3367">
     <span class='ocr_line' id='line_1_33' title="bbox 456 3199 2096 3256; baseline 0.002 -14"><span class='ocrx_word' id='word_1_227' title='bbox 456 3203 514 3243; x_wconf 85' lang='lat'><strong>11.</strong></span> <span class='ocrx_word' id='word_1_228' title='bbox 545 3200 595 3232; x_wconf 88' lang='grc'><strong>-·-</strong></span> <span class='ocrx_word' id='word_1_229' title='bbox 618 3204 665 3244; x_wconf 84' lang='lat'><strong>1.</strong></span> <span class='ocrx_word' id='word_1_230' title='bbox 697 3199 932 3256; x_wconf 74' lang='lat' dir='ltr'><strong>Excipere,</strong></span> <span class='ocrx_word' id='word_1_231' title='bbox 962 3200 1275 3256; x_wconf 82' lang='lat' dir='ltr'><strong>absolument,</strong></span> <span class='ocrx_word' id='word_1_232' title='bbox 1306 3210 1484 3244; x_wconf 87' lang='lat' dir='ltr'><strong>comme</strong></span> <span class='ocrx_word' id='word_1_233' title='bbox 1513 3200 1719 3255; x_wconf 69' lang='lat' dir='ltr'><strong>excipere</strong></span> <span class='ocrx_word' id='word_1_234' title='bbox 1742 3201 1832 3244; x_wconf 81' lang='lat' dir='ltr'><strong>iter</strong></span> <span class='ocrx_word' id='word_1_235' title='bbox 1860 3201 2096 3256; x_wconf 66' lang='lat' dir='ltr'><strong>facientes.</strong></span> 
     </span>
     <span class='ocr_line' id='line_1_34' title="bbox 407 3260 2322 3367; baseline 0.001 -65"><span class='ocrx_word' id='word_1_236' title='bbox 407 3267 511 3367; x_wconf 52' lang='lat' dir='ltr'><strong>toz}</strong></span> <span class='ocrx_word' id='word_1_237' title='bbox 534 3260 833 3364; x_wconf 48' lang='lat' dir='ltr'><strong>gss&#39;ss‘ffissffiss&#39;</strong></span> <span class='ocrx_word' id='word_1_238' title='bbox 864 3264 954 3306; x_wconf 87' lang='lat' dir='ltr'><strong>Les</strong></span> <span class='ocrx_word' id='word_1_239' title='bbox 977 3262 1256 3316; x_wconf 81' lang='lat' dir='ltr'><strong>Gangarides</strong></span> <span class='ocrx_word' id='word_1_240' title='bbox 1292 3262 1550 3307; x_wconf 82' lang='lat' dir='ltr'><strong>habitaient</strong></span> <span class='ocrx_word' id='word_1_241' title='bbox 1571 3263 1597 3306; x_wconf 79' lang='lat' dir='ltr'><strong>a</strong></span> <span class='ocrx_word' id='word_1_242' title='bbox 1619 3262 1969 3308; x_wconf 80' lang='lat' dir='ltr'><strong>l&#39;embouchure</strong></span> <span class='ocrx_word' id='word_1_243' title='bbox 1987 3264 2049 3309; x_wconf 84' lang='lat' dir='ltr'><strong>du</strong></span> <span class='ocrx_word' id='word_1_244' title='bbox 2085 3264 2322 3315; x_wconf 62' lang='lat' dir='ltr'><strong>Gangem·</strong></span> 
     </span>
    </p>
   </div>
   <div class='ocr_carea' id='block_1_10' title="bbox 460 3380 2120 3503">
    <p class='ocr_par' dir='ltr' id='par_1_11' title="bbox 460 3380 2120 3503">
     <span class='ocr_line' id='line_1_35' title="bbox 460 3380 2120 3443; baseline 0.005 -19"><span class='ocrx_word' id='word_1_245' title='bbox 460 3383 508 3426; x_wconf 83' lang='grc'><strong>3.</strong></span> <span class='ocrx_word' id='word_1_246' title='bbox 539 3380 739 3424; x_wconf 66' lang='lat' dir='ltr'><strong>Prasios.</strong></span> <span class='ocrx_word' id='word_1_247' title='bbox 768 3384 852 3424; x_wconf 84' lang='lat' dir='ltr'><strong>Les</strong></span> <span class='ocrx_word' id='word_1_248' title='bbox 875 3384 1024 3426; x_wconf 84' lang='lat' dir='ltr'><strong>Prasii</strong></span> <span class='ocrx_word' id='word_1_249' title='bbox 1054 3384 1311 3430; x_wconf 82' lang='lat' dir='ltr'><strong>habitaient</strong></span> <span class='ocrx_word' id='word_1_250' title='bbox 1335 3397 1417 3430; x_wconf 86' lang='lat' dir='ltr'><strong>sur</strong></span> <span class='ocrx_word' id='word_1_251' title='bbox 1441 3388 1485 3430; x_wconf 89' lang='lat' dir='ltr'><strong>le</strong></span> <span class='ocrx_word' id='word_1_252' title='bbox 1509 3397 1647 3431; x_wconf 86' lang='lat' dir='ltr'><strong>cours</strong></span> <span class='ocrx_word' id='word_1_253' title='bbox 1665 3398 1836 3443; x_wconf 74' lang='lat' dir='ltr'><strong>moyen</strong></span> <span class='ocrx_word' id='word_1_254' title='bbox 1866 3388 1929 3432; x_wconf 87' lang='lat' dir='ltr'><strong>du</strong></span> <span class='ocrx_word' id='word_1_255' title='bbox 1948 3387 2120 3442; x_wconf 66' lang='lat' dir='ltr'><strong>Gange.</strong></span> 
     </span>
     <span class='ocr_line' id='line_1_36' title="bbox 462 3441 1463 3503; baseline 0.006 -17"><span class='ocrx_word' id='word_1_256' title='bbox 462 3447 509 3486; x_wconf 63' lang='grc' dir='ltr'><strong>ὁ.</strong></span> <span class='ocrx_word' id='word_1_257' title='bbox 542 3441 833 3484; x_wconf 72' lang='lat' dir='ltr'><strong>Percontatur</strong></span> <span class='ocrx_word' id='word_1_258' title='bbox 859 3454 930 3485; x_wconf 79' lang='lat' dir='ltr'><strong>an.</strong></span> <span class='ocrx_word' id='word_1_259' title='bbox 954 3444 1024 3487; x_wconf 80' lang='lat' dir='ltr'><strong>cf.</strong></span> <span class='ocrx_word' id='word_1_260' title='bbox 1056 3449 1125 3501; x_wconf 80' lang='lat' dir='ltr'><strong>lv,</strong></span> <span class='ocrx_word' id='word_1_261' title='bbox 1155 3460 1229 3503; x_wconf 79' lang='lat' dir='ltr'><strong>lx,</strong></span> <span class='ocrx_word' id='word_1_262' title='bbox 1259 3455 1369 3493; x_wconf 85' lang='lat' dir='ltr'><strong>note</strong></span> <span class='ocrx_word' id='word_1_263' title='bbox 1392 3450 1463 3494; x_wconf 69' lang='lat'><strong>34.</strong></span> 
     </span>
    </p>
   </div>
   <div class='ocr_carea' id='block_1_11' title="bbox 461 3500 1669 3565">
    <p class='ocr_par' dir='ltr' id='par_1_12' title="bbox 461 3500 1669 3565">
     <span class='ocr_line' id='line_1_37' title="bbox 461 3500 1669 3565; baseline 0.008 -19"><span class='ocrx_word' id='word_1_264' title='bbox 461 3507 508 3546; x_wconf 68' lang='lat'><strong>⁸.</strong></span> <span class='ocrx_word' id='word_1_265' title='bbox 541 3500 766 3545; x_wconf 68' lang='lat' dir='ltr'><strong>Liberum.</strong></span> <span class='ocrx_word' id='word_1_266' title='bbox 797 3501 892 3552; x_wconf 74' lang='lat' dir='ltr'><strong>Cf..</strong></span> <span class='ocrx_word' id='word_1_267' title='bbox 911 3514 992 3546; x_wconf 87' lang='lat' dir='ltr'><strong>sur</strong></span> <span class='ocrx_word' id='word_1_268' title='bbox 1018 3515 1072 3548; x_wconf 90' lang='lat' dir='ltr'><strong>ce</strong></span> <span class='ocrx_word' id='word_1_269' title='bbox 1092 3509 1279 3561; x_wconf 77' lang='lat' dir='ltr'><strong>genitis,</strong></span> <span class='ocrx_word' id='word_1_270' title='bbox 1297 3511 1370 3564; x_wconf 88' lang='lat' dir='ltr'><strong>v1,</strong></span> <span class='ocrx_word' id='word_1_271' title='bbox 1396 3523 1467 3565; x_wconf 87' lang='lat'><strong>111,</strong></span> <span class='ocrx_word' id='word_1_272' title='bbox 1488 3517 1599 3556; x_wconf 81' lang='lat' dir='ltr'><strong>note</strong></span> <span class='ocrx_word' id='word_1_273' title='bbox 1620 3517 1669 3558; x_wconf 82' lang='grc'><strong>’1.</strong></span> 
     </span>
    </p>
   </div>
   <div class='ocr_carea' id='block_1_12' title="bbox 2475 1144 2480 1827">
    <p class='ocr_par' dir='ltr' id='par_1_13' title="bbox 2475 1144 2480 1827">
     <span class='ocr_line' id='line_1_38' title="bbox 2475 1144 2480 1827; baseline 0 0"><span class='ocrx_word' id='word_1_274' title='bbox 2475 1144 2480 1827; x_wconf 95' lang='lat' dir='ltr'><strong> </strong></span> 
     </span>
    </p>
   </div>
   <div class='ocr_carea' id='block_1_13' title="bbox 2479 2017 2481 2529">
    <p class='ocr_par' dir='ltr' id='par_1_14' title="bbox 2479 2017 2481 2529">
     <span class='ocr_line' id='line_1_39' title="bbox 2479 2017 2481 2529; baseline 0 0"><span class='ocrx_word' id='word_1_275' title='bbox 2479 2017 2481 2529; x_wconf 95' lang='lat' dir='ltr'><strong> </strong></span> 
     </span>
    </p>
   </div>
  </div>
 </body>
</html>
