<?xml version="1.0" encoding="UTF-8"?>
<!DOCTYPE html PUBLIC "-//W3C//DTD XHTML 1.0 Transitional//EN"
    "http://www.w3.org/TR/xhtml1/DTD/xhtml1-transitional.dtd">
<html xmlns="http://www.w3.org/1999/xhtml" xml:lang="en" lang="en">
 <head>
  <title>
</title>
<meta http-equiv="Content-Type" content="text/html;charset=utf-8" />
  <meta name='ocr-system' content='tesseract 3.04.00' />
  <meta name='ocr-capabilities' content='ocr_page ocr_carea ocr_par ocr_line ocrx_word'/>
</head>
<body>
  <div class='ocr_page' id='page_1' title='image "./qcurtirufihisto00brelgoog_0331.png"; bbox 0 0 2517 3975; ppageno 0'>
   <div class='ocr_carea' id='block_1_1' title="bbox 534 269 2035 343">
    <p class='ocr_par' dir='ltr' id='par_1_1' title="bbox 534 269 2035 343">
     <span class='ocr_line' id='line_1_1' title="bbox 534 269 2035 343; baseline 0.001 -14"><span class='ocrx_word' id='word_1_1' title='bbox 534 277 928 332; x_wconf 73' lang='lat' dir='ltr'><strong>&#39;ms‘romAnuu</strong></span> <span class='ocrx_word' id='word_1_2' title='bbox 965 289 1303 333; x_wconf 70' lang='lat' dir='ltr'><strong>Amxmnm</strong></span> <span class='ocrx_word' id='word_1_3' title='bbox 1344 292 1469 343; x_wconf 85' lang='lat' dir='ltr'><strong>vm,</strong></span> <span class='ocrx_word' id='word_1_4' title='bbox 1513 295 1594 332; x_wconf 88' lang='lat' dir='ltr'><strong>1x.</strong></span> <span class='ocrx_word' id='word_1_5' title='bbox 1938 269 2035 333; x_wconf 70' lang='lat'><strong>291</strong></span> 
     </span>
    </p>
   </div>
   <div class='ocr_carea' id='block_1_2' title="bbox 55 399 2044 2271">
    <p class='ocr_par' dir='ltr' id='par_1_2' title="bbox 55 399 2044 2271">
     <span class='ocr_line' id='line_1_2' title="bbox 72 399 2042 471; baseline 0.003 -20"><span class='ocrx_word' id='word_1_6' title='bbox 72 400 262 452; x_wconf 84' lang='lat' dir='ltr'><strong>currit</strong></span> <span class='ocrx_word' id='word_1_7' title='bbox 295 412 310 452; x_wconf 90' lang='lat'><strong>:</strong></span> <span class='ocrx_word' id='word_1_8' title='bbox 343 399 606 454; x_wconf 86' lang='lat' dir='ltr'><strong>ceterum</strong></span> <span class='ocrx_word' id='word_1_9' title='bbox 633 416 755 454; x_wconf 91' lang='lat' dir='ltr'><strong>non</strong></span> <span class='ocrx_word' id='word_1_10' title='bbox 784 400 1116 455; x_wconf 79' lang='lat' dir='ltr'><strong>crocodilos</strong></span> <span class='ocrx_word' id='word_1_11' title='bbox 1152 401 1351 471; x_wconf 89' lang='lat' dir='ltr'><strong>modo,</strong></span> <span class='ocrx_word' id='word_1_12' title='bbox 1384 403 1470 456; x_wconf 89' lang='lat' dir='ltr'><strong>uti</strong></span> <span class='ocrx_word' id='word_1_13' title='bbox 1498 401 1694 468; x_wconf 82' lang='lat' dir='ltr'><strong>Nilus,</strong></span> <span class='ocrx_word' id='word_1_14' title='bbox 1730 401 1836 457; x_wconf 79' lang='lat' dir='ltr'><strong>sed</strong></span> <span class='ocrx_word' id='word_1_15' title='bbox 1866 401 2042 457; x_wconf 80' lang='lat' dir='ltr'><strong>etiam</strong></span> 
     </span>
     <span class='ocr_line' id='line_1_3' title="bbox 71 487 2044 572; baseline 0.003 -31"><span class='ocrx_word' id='word_1_16' title='bbox 71 487 410 559; x_wconf 78' lang='lat' dir='ltr'><strong>delphinoS,</strong></span> <span class='ocrx_word' id='word_1_17' title='bbox 446 489 801 560; x_wconf 83' lang='lat' dir='ltr'><strong>ignotasque</strong></span> <span class='ocrx_word' id='word_1_18' title='bbox 844 488 980 544; x_wconf 83' lang='lat' dir='ltr'><strong>aliis</strong></span> <span class='ocrx_word' id='word_1_19' title='bbox 1028 491 1305 561; x_wconf 85' lang='lat' dir='ltr'><strong>gentibus</strong></span> <span class='ocrx_word' id='word_1_20' title='bbox 1351 489 1557 572; x_wconf 81' lang='lat' dir='ltr'><strong>beluas</strong></span> <span class='ocrx_word' id='word_1_21' title='bbox 1601 491 1720 545; x_wconf 83' lang='lat' dir='ltr'><strong>alit.</strong></span> <span class='ocrx_word' id='word_1_22' title='bbox 1765 491 2044 562; x_wconf 76' lang='lat' dir='ltr'><strong>Etyman-</strong></span> 
     </span>
     <span class='ocr_line' id='line_1_4' title="bbox 69 577 2042 653; baseline 0.002 -23"><span class='ocrx_word' id='word_1_23' title='bbox 69 577 213 632; x_wconf 81' lang='lat' dir='ltr'><strong>drus</strong></span> <span class='ocrx_word' id='word_1_24' title='bbox 234 577 298 643; x_wconf 76' lang='lat'><strong>²¹,</strong></span> <span class='ocrx_word' id='word_1_25' title='bbox 329 577 564 632; x_wconf 78' lang='lat' dir='ltr'>crebris</span> <span class='ocrx_word' id='word_1_26' title='bbox 592 577 848 633; x_wconf 86' lang='lat' dir='ltr'><strong>flexibus</strong></span> <span class='ocrx_word' id='word_1_27' title='bbox 881 578 1134 633; x_wconf 88' lang='lat' dir='ltr'><strong>subinde</strong></span> <span class='ocrx_word' id='word_1_28' title='bbox 1170 583 1469 650; x_wconf 81' lang='lat' dir='ltr'><strong>curvatuS,</strong></span> <span class='ocrx_word' id='word_1_29' title='bbox 1502 580 1574 634; x_wconf 80' lang='lat' dir='ltr'><strong>ab</strong></span> <span class='ocrx_word' id='word_1_30' title='bbox 1603 580 1819 636; x_wconf 78' lang='lat' dir='ltr'><strong>accolis</strong></span> <span class='ocrx_word' id='word_1_31' title='bbox 1847 581 2042 653; x_wconf 80' lang='lat' dir='ltr'><strong>rigan-</strong></span> 
     </span>
     <span class='ocr_line' id='line_1_5' title="bbox 69 665 2043 739; baseline 0.003 -21"><span class='ocrx_word' id='word_1_32' title='bbox 69 665 228 721; x_wconf 82' lang='lat' dir='ltr'><strong>tibus</strong></span> <span class='ocrx_word' id='word_1_33' title='bbox 250 666 292 694; x_wconf 74' lang='lat'>”</span> <span class='ocrx_word' id='word_1_34' title='bbox 333 666 651 736; x_wconf 79' lang='lat' dir='ltr'><strong>carpitur’⁸</strong></span> <span class='ocrx_word' id='word_1_35' title='bbox 683 681 696 720; x_wconf 74' lang='grc' dir='ltr'>ε</span> <span class='ocrx_word' id='word_1_36' title='bbox 739 681 808 721; x_wconf 78' lang='lat' dir='ltr'><strong>ea</strong></span> <span class='ocrx_word' id='word_1_37' title='bbox 846 683 1029 721; x_wconf 78' lang='lat' dir='ltr'><strong>causa</strong></span> <span class='ocrx_word' id='word_1_38' title='bbox 1078 674 1171 722; x_wconf 90' lang='lat' dir='ltr'><strong>est</strong></span> <span class='ocrx_word' id='word_1_39' title='bbox 1217 681 1325 722; x_wconf 89' lang='lat' dir='ltr'><strong>cur</strong></span> <span class='ocrx_word' id='word_1_40' title='bbox 1361 665 1567 724; x_wconf 82' lang='lat' dir='ltr'><strong>tenues</strong></span> <span class='ocrx_word' id='word_1_41' title='bbox 1603 668 1887 739; x_wconf 81' lang='lat' dir='ltr'><strong>reliquias</strong></span> <span class='ocrx_word' id='word_1_42' title='bbox 1918 670 2043 739; x_wconf 82' lang='lat' dir='ltr'><strong>jam</strong></span> 
     </span>
     <span class='ocr_line' id='line_1_6' title="bbox 71 753 2042 825; baseline 0.003 -19"><span class='ocrx_word' id='word_1_43' title='bbox 71 755 198 809; x_wconf 85' lang='lat' dir='ltr'><strong>sine</strong></span> <span class='ocrx_word' id='word_1_44' title='bbox 240 754 489 809; x_wconf 87' lang='lat' dir='ltr'><strong>nomine</strong></span> <span class='ocrx_word' id='word_1_45' title='bbox 528 755 590 807; x_wconf 90' lang='lat' dir='ltr'><strong>in</strong></span> <span class='ocrx_word' id='word_1_46' title='bbox 628 767 791 808; x_wconf 83' lang='lat' dir='ltr'><strong>mare</strong></span> <span class='ocrx_word' id='word_1_47' title='bbox 829 755 1067 810; x_wconf 81' lang='lat' dir='ltr'><strong>emittat.</strong></span> <span class='ocrx_word' id='word_1_48' title='bbox 1110 753 1312 809; x_wconf 84' lang='lat' dir='ltr'><strong>Multis</strong></span> <span class='ocrx_word' id='word_1_49' title='bbox 1354 759 1569 825; x_wconf 83' lang='lat' dir='ltr'><strong>praeter</strong></span> <span class='ocrx_word' id='word_1_50' title='bbox 1607 756 1718 811; x_wconf 88' lang='lat' dir='ltr'><strong>hos</strong></span> <span class='ocrx_word' id='word_1_51' title='bbox 1766 758 2042 812; x_wconf 79' lang='lat' dir='ltr'><strong>amnibus</strong></span> 
     </span>
     <span class='ocr_line' id='line_1_7' title="bbox 67 841 2043 916; baseline 0.003 -20"><span class='ocrx_word' id='word_1_52' title='bbox 67 844 184 897; x_wconf 81' lang='lat' dir='ltr'><strong>tota</strong></span> <span class='ocrx_word' id='word_1_53' title='bbox 215 844 396 914; x_wconf 85' lang='lat' dir='ltr'><strong>regio</strong></span> <span class='ocrx_word' id='word_1_54' title='bbox 426 841 728 916; x_wconf 80' lang='lat' dir='ltr'><strong>dividitur,</strong></span> <span class='ocrx_word' id='word_1_55' title='bbox 760 841 866 898; x_wconf 85' lang='lat' dir='ltr'><strong>sed</strong></span> <span class='ocrx_word' id='word_1_56' title='bbox 901 843 1292 916; x_wconf 86' lang='lat' dir='ltr'><strong>ignobilibus,</strong></span> <span class='ocrx_word' id='word_1_57' title='bbox 1327 845 1465 916; x_wconf 83' lang='lat' dir='ltr'><strong>quia</strong></span> <span class='ocrx_word' id='word_1_58' title='bbox 1505 861 1628 901; x_wconf 91' lang='lat' dir='ltr'><strong>non</strong></span> <span class='ocrx_word' id='word_1_59' title='bbox 1662 847 1805 900; x_wconf 73' lang='lat' dir='ltr'><strong>adeo</strong></span> <span class='ocrx_word' id='word_1_60' title='bbox 1843 845 2043 902; x_wconf 77' lang='lat' dir='ltr'><strong>nota²⁸</strong></span> 
     </span>
     <span class='ocr_line' id='line_1_8' title="bbox 68 931 1741 1011; baseline 0.007 -27"><span class='ocrx_word' id='word_1_61' title='bbox 68 931 446 989; x_wconf 83' lang='lat' dir='ltr'><strong>interfluunt.</strong></span> <span class='ocrx_word' id='word_1_62' title='bbox 1735 1005 1741 1011; x_wconf 29' lang='lat'><strong>¹</strong></span> 
     </span>
     <span class='ocr_line' id='line_1_9' title="bbox 129 1027 2041 1102; baseline 0.002 -19"><span class='ocrx_word' id='word_1_63' title='bbox 129 1027 419 1096; x_wconf 79' lang='lat' dir='ltr'><strong>Ceterum</strong></span> <span class='ocrx_word' id='word_1_64' title='bbox 473 1042 604 1102; x_wconf 83' lang='lat' dir='ltr'><strong>quae</strong></span> <span class='ocrx_word' id='word_1_65' title='bbox 648 1029 932 1100; x_wconf 79' lang='lat' dir='ltr'><strong>propiora</strong></span> <span class='ocrx_word' id='word_1_66' title='bbox 985 1027 1124 1082; x_wconf 85' lang='lat' dir='ltr'><strong>suut</strong></span> <span class='ocrx_word' id='word_1_67' title='bbox 1169 1028 1351 1096; x_wconf 83' lang='lat' dir='ltr'><strong>mari,</strong></span> <span class='ocrx_word' id='word_1_68' title='bbox 1402 1030 1678 1102; x_wconf 78' lang='lat' dir='ltr'><strong>aquilone</strong></span> <span class='ocrx_word' id='word_1_69' title='bbox 1705 1031 1748 1059; x_wconf 80' lang='lat'><strong>’⁸</strong></span> <span class='ocrx_word' id='word_1_70' title='bbox 1785 1032 2041 1086; x_wconf 83' lang='lat' dir='ltr'><strong>maxime</strong></span> 
     </span>
     <span class='ocr_line' id='line_1_10' title="bbox 66 1104 2042 1196; baseline 0.002 -25"><span class='ocrx_word' id='word_1_71' title='bbox 66 1118 437 1182; x_wconf 79' lang='lat' dir='ltr'><strong>deuruntur:</strong></span> <span class='ocrx_word' id='word_1_72' title='bbox 483 1104 561 1183; x_wconf 74' lang='lat' dir='ltr'><strong>is,</strong></span> <span class='ocrx_word' id='word_1_73' title='bbox 590 1115 890 1182; x_wconf 82' lang='lat' dir='ltr'><strong>cohibitus</strong></span> <span class='ocrx_word' id='word_1_74' title='bbox 940 1116 1109 1196; x_wconf 76' lang='lat' dir='ltr'><strong>jugis</strong></span> <span class='ocrx_word' id='word_1_75' title='bbox 1146 1118 1453 1185; x_wconf 86' lang='lat' dir='ltr'><strong>montium,</strong></span> <span class='ocrx_word' id='word_1_76' title='bbox 1485 1115 1558 1172; x_wconf 80' lang='lat' dir='ltr'><strong>ad</strong></span> <span class='ocrx_word' id='word_1_77' title='bbox 1596 1120 1885 1175; x_wconf 81' lang='lat' dir='ltr'><strong>interlora</strong></span> <span class='ocrx_word' id='word_1_78' title='bbox 1919 1127 2042 1176; x_wconf 82' lang='lat' dir='ltr'><strong>non</strong></span> 
     </span>
     <span class='ocr_line' id='line_1_11' title="bbox 65 1203 2040 1288; baseline 0.002 -27"><span class='ocrx_word' id='word_1_79' title='bbox 65 1209 361 1277; x_wconf 80' lang='lat' dir='ltr'><strong>penetrat,</strong></span> <span class='ocrx_word' id='word_1_80' title='bbox 394 1207 474 1261; x_wconf 81' lang='lat' dir='ltr'><strong>ita</strong></span> <span class='ocrx_word' id='word_1_81' title='bbox 514 1207 741 1261; x_wconf 81' lang='lat' dir='ltr'>alendis</span> <span class='ocrx_word' id='word_1_82' title='bbox 775 1206 1052 1277; x_wconf 84' lang='lat' dir='ltr'><strong>frugibus</strong></span> <span class='ocrx_word' id='word_1_83' title='bbox 1090 1206 1275 1260; x_wconf 84' lang='lat' dir='ltr'><strong>mitia.</strong></span> <span class='ocrx_word' id='word_1_84' title='bbox 1309 1206 1422 1261; x_wconf 77' lang='lat' dir='ltr'><strong>Sed</strong></span> <span class='ocrx_word' id='word_1_85' title='bbox 1461 1203 1605 1266; x_wconf 81' lang='lat' dir='ltr'><strong>adeo</strong></span> <span class='ocrx_word' id='word_1_86' title='bbox 1642 1208 1703 1262; x_wconf 86' lang='lat' dir='ltr'><strong>in</strong></span> <span class='ocrx_word' id='word_1_87' title='bbox 1733 1207 1835 1270; x_wconf 80' lang='lat' dir='ltr'><strong>illa</strong></span> <span class='ocrx_word' id='word_1_88' title='bbox 1862 1209 2040 1288; x_wconf 64' lang='lat' dir='ltr'><strong>plage</strong></span> 
     </span>
     <span class='ocr_line' id='line_1_12' title="bbox 63 1295 2039 1367; baseline 0.002 -18"><span class='ocrx_word' id='word_1_89' title='bbox 63 1296 330 1351; x_wconf 88' lang='lat' dir='ltr'><strong>mundus</strong></span> <span class='ocrx_word' id='word_1_90' title='bbox 360 1297 547 1349; x_wconf 83' lang='lat' dir='ltr'><strong>statas</strong></span> <span class='ocrx_word' id='word_1_91' title='bbox 574 1301 906 1367; x_wconf 86' lang='lat' dir='ltr'><strong>temporum</strong></span> <span class='ocrx_word' id='word_1_92' title='bbox 934 1295 1100 1349; x_wconf 84' lang='lat' dir='ltr'><strong>vices</strong></span> <span class='ocrx_word' id='word_1_93' title='bbox 1138 1298 1343 1361; x_wconf 85' lang='lat' dir='ltr'><strong>mutat,</strong></span> <span class='ocrx_word' id='word_1_94' title='bbox 1378 1298 1457 1363; x_wconf 90' lang='lat' dir='ltr'><strong>ut,</strong></span> <span class='ocrx_word' id='word_1_95' title='bbox 1489 1312 1623 1351; x_wconf 91' lang='lat' dir='ltr'><strong>cum</strong></span> <span class='ocrx_word' id='word_1_96' title='bbox 1660 1298 1776 1351; x_wconf 78' lang='lat' dir='ltr'><strong>alia</strong></span> <span class='ocrx_word' id='word_1_97' title='bbox 1805 1298 2039 1354; x_wconf 86' lang='lat' dir='ltr'><strong>fervore</strong></span> 
     </span>
     <span class='ocr_line' id='line_1_13' title="bbox 64 1368 2039 1466; baseline 0.002 -27"><span class='ocrx_word' id='word_1_98' title='bbox 64 1386 212 1440; x_wconf 90' lang='lat' dir='ltr'><strong>solis</strong></span> <span class='ocrx_word' id='word_1_99' title='bbox 255 1387 590 1454; x_wconf 69' lang='lat' dir='ltr'><strong>exaestuant</strong></span> <span class='ocrx_word' id='word_1_100' title='bbox 607 1385 670 1452; x_wconf 77' lang='lat'><strong>²⁶,</strong></span> <span class='ocrx_word' id='word_1_101' title='bbox 701 1385 927 1438; x_wconf 83' lang='lat' dir='ltr'>Indiam</span> <span class='ocrx_word' id='word_1_102' title='bbox 962 1384 1137 1438; x_wconf 89' lang='lat' dir='ltr'><strong>nives</strong></span> <span class='ocrx_word' id='word_1_103' title='bbox 1156 1384 1196 1410; x_wconf 79' lang='lat'><strong>’⁷</strong></span> <span class='ocrx_word' id='word_1_104' title='bbox 1229 1368 1503 1449; x_wconf 82' lang='lat' dir='ltr'><strong>obruant,</strong></span> <span class='ocrx_word' id='word_1_105' title='bbox 1546 1402 1898 1466; x_wconf 74' lang='lat' dir='ltr'><strong>rursusque,</strong></span> <span class='ocrx_word' id='word_1_106' title='bbox 1935 1377 2039 1442; x_wconf 88' lang='lat' dir='ltr'><strong>ubi</strong></span> 
     </span>
     <span class='ocr_line' id='line_1_14' title="bbox 62 1471 2040 1544; baseline -0.001 -13"><span class='ocrx_word' id='word_1_107' title='bbox 62 1479 261 1531; x_wconf 83' lang='lat' dir='ltr'><strong>cetera</strong></span> <span class='ocrx_word' id='word_1_108' title='bbox 293 1474 513 1544; x_wconf 82' lang='lat' dir='ltr'><strong>rigent,</strong></span> <span class='ocrx_word' id='word_1_109' title='bbox 545 1473 666 1528; x_wconf 90' lang='lat' dir='ltr'><strong>illic</strong></span> <span class='ocrx_word' id='word_1_110' title='bbox 693 1471 1104 1527; x_wconf 83' lang='lat' dir='ltr'><strong>intolerandus</strong></span> <span class='ocrx_word' id='word_1_111' title='bbox 1134 1473 1321 1527; x_wconf 84' lang='lat' dir='ltr'><strong>aestus</strong></span> <span class='ocrx_word' id='word_1_112' title='bbox 1351 1474 1615 1529; x_wconf 76' lang='lat' dir='ltr'><strong>exsistat.</strong></span> <span class='ocrx_word' id='word_1_113' title='bbox 1647 1473 1789 1542; x_wconf 87' lang='lat' dir='ltr'><strong>Nec,</strong></span> <span class='ocrx_word' id='word_1_114' title='bbox 1822 1491 1927 1528; x_wconf 92' lang='lat' dir='ltr'><strong>cur</strong></span> <span class='ocrx_word' id='word_1_115' title='bbox 1955 1475 2040 1529; x_wconf 89' lang='lat' dir='ltr'><strong>ibi</strong></span> 
     </span>
     <span class='ocr_line' id='line_1_15' title="bbox 61 1560 2038 1640; baseline 0 -23"><span class='ocrx_word' id='word_1_116' title='bbox 61 1579 121 1617; x_wconf 88' lang='lat' dir='ltr'><strong>se</strong></span> <span class='ocrx_word' id='word_1_117' title='bbox 145 1565 382 1629; x_wconf 48' lang='lat' dir='ltr'><strong>,natura</strong></span> <span class='ocrx_word' id='word_1_118' title='bbox 409 1561 672 1631; x_wconf 84' lang='lat' dir='ltr'><strong>verterit,</strong></span> <span class='ocrx_word' id='word_1_119' title='bbox 698 1563 859 1634; x_wconf 81' lang='lat' dir='ltr'><strong>patet</strong></span> <span class='ocrx_word' id='word_1_120' title='bbox 888 1576 1086 1615; x_wconf 83' lang='lat' dir='ltr'><strong>causa.</strong></span> <span class='ocrx_word' id='word_1_121' title='bbox 1119 1560 1281 1616; x_wconf 88' lang='lat' dir='ltr'><strong>Mare</strong></span> <span class='ocrx_word' id='word_1_122' title='bbox 1318 1564 1494 1640; x_wconf 53' lang='lat' dir='ltr'><strong>certe3</strong></span> <span class='ocrx_word' id='word_1_123' title='bbox 1528 1578 1642 1636; x_wconf 90' lang='lat' dir='ltr'><strong>quo</strong></span> <span class='ocrx_word' id='word_1_124' title='bbox 1672 1561 1932 1630; x_wconf 83' lang='lat' dir='ltr'><strong>alluitur,</strong></span> <span class='ocrx_word' id='word_1_125' title='bbox 1965 1571 2038 1617; x_wconf 85' lang='lat' dir='ltr'><strong>ne</strong></span> 
     </span>
     <span class='ocr_line' id='line_1_16' title="bbox 60 1636 2042 1722; baseline -0.001 -15"><span class='ocrx_word' id='word_1_126' title='bbox 60 1654 265 1707; x_wconf 88' lang='lat' dir='ltr'><strong>colore</strong></span> <span class='ocrx_word' id='word_1_127' title='bbox 299 1650 541 1721; x_wconf 87' lang='lat' dir='ltr'><strong>quidem</strong></span> <span class='ocrx_word' id='word_1_128' title='bbox 568 1636 849 1704; x_wconf 80' lang='lat' dir='ltr'><strong>abhorret</strong></span> <span class='ocrx_word' id='word_1_129' title='bbox 887 1665 921 1703; x_wconf 87' lang='lat' dir='ltr'><strong>a</strong></span> <span class='ocrx_word' id='word_1_130' title='bbox 959 1649 1192 1704; x_wconf 80' lang='lat' dir='ltr'><strong>ceteris,</strong></span> <span class='ocrx_word' id='word_1_131' title='bbox 1224 1649 1316 1703; x_wconf 91' lang='lat' dir='ltr'><strong>Ab</strong></span> <span class='ocrx_word' id='word_1_132' title='bbox 1355 1647 1610 1722; x_wconf 73' lang='lat' dir='ltr'><strong>Erythro</strong></span> <span class='ocrx_word' id='word_1_133' title='bbox 1639 1648 1680 1677; x_wconf 77' lang='lat'><strong>’⁸</strong></span> <span class='ocrx_word' id='word_1_134' title='bbox 1716 1666 1858 1722; x_wconf 90' lang='lat' dir='ltr'><strong>rege</strong></span> <span class='ocrx_word' id='word_1_135' title='bbox 1885 1650 2042 1705; x_wconf 77' lang='lat' dir='ltr'><strong>indi-</strong></span> 
     </span>
     <span class='ocr_line' id='line_1_17' title="bbox 55 1735 2035 1811; baseline -0.002 -15"><span class='ocrx_word' id='word_1_136' title='bbox 55 1745 180 1796; x_wconf 85' lang='lat' dir='ltr'><strong>tum</strong></span> <span class='ocrx_word' id='word_1_137' title='bbox 208 1742 314 1795; x_wconf 84' lang='lat' dir='ltr'><strong>est</strong></span> <span class='ocrx_word' id='word_1_138' title='bbox 340 1754 583 1809; x_wconf 85' lang='lat' dir='ltr'><strong>nomen,</strong></span> <span class='ocrx_word' id='word_1_139' title='bbox 615 1741 858 1811; x_wconf 90' lang='lat' dir='ltr'><strong>propter</strong></span> <span class='ocrx_word' id='word_1_140' title='bbox 884 1738 1041 1809; x_wconf 92' lang='lat' dir='ltr'><strong>quod</strong></span> <span class='ocrx_word' id='word_1_141' title='bbox 1071 1738 1273 1807; x_wconf 77' lang='lat' dir='ltr'><strong>ignari</strong></span> <span class='ocrx_word' id='word_1_142' title='bbox 1304 1735 1519 1796; x_wconf 82' lang='lat' dir='ltr'><strong>rubere</strong></span> <span class='ocrx_word' id='word_1_143' title='bbox 1556 1754 1741 1810; x_wconf 83' lang='lat' dir='ltr'><strong>aquas</strong></span> <span class='ocrx_word' id='word_1_144' title='bbox 1770 1738 2035 1794; x_wconf 88' lang='lat' dir='ltr'><strong>credunt.</strong></span> 
     </span>
     <span class='ocr_line' id='line_1_18' title="bbox 125 1833 2036 1908; baseline -0.001 -17"><span class='ocrx_word' id='word_1_145' title='bbox 125 1837 324 1891; x_wconf 82' lang='lat' dir='ltr'><strong>Terra</strong></span> <span class='ocrx_word' id='word_1_146' title='bbox 354 1833 463 1888; x_wconf 89' lang='lat' dir='ltr'><strong>lini</strong></span> <span class='ocrx_word' id='word_1_147' title='bbox 493 1834 692 1889; x_wconf 84' lang='lat' dir='ltr'><strong>ferax:</strong></span> <span class='ocrx_word' id='word_1_148' title='bbox 725 1834 862 1888; x_wconf 91' lang='lat' dir='ltr'><strong>inde</strong></span> <span class='ocrx_word' id='word_1_149' title='bbox 892 1833 1193 1908; x_wconf 87' lang='lat' dir='ltr'><strong>plerisque</strong></span> <span class='ocrx_word' id='word_1_150' title='bbox 1230 1837 1371 1890; x_wconf 87' lang='lat' dir='ltr'><strong>sunt</strong></span> <span class='ocrx_word' id='word_1_151' title='bbox 1398 1836 1618 1891; x_wconf 76' lang='lat' dir='ltr'><strong>vestes·</strong></span> <span class='ocrx_word' id='word_1_152' title='bbox 1657 1835 1829 1890; x_wconf 86' lang='lat' dir='ltr'><strong>Libri</strong></span> <span class='ocrx_word' id='word_1_153' title='bbox 1865 1836 2036 1890; x_wconf 86' lang='lat' dir='ltr'><strong>arbo-</strong></span> 
     </span>
     <span class='ocr_line' id='line_1_19' title="bbox 58 1921 2037 1995; baseline -0.001 -15"><span class='ocrx_word' id='word_1_154' title='bbox 58 1942 191 1980; x_wconf 89' lang='lat' dir='ltr'><strong>rum</strong></span> <span class='ocrx_word' id='word_1_155' title='bbox 238 1924 461 1995; x_wconf 88' lang='lat' dir='ltr'><strong>teneri,</strong></span> <span class='ocrx_word' id='word_1_156' title='bbox 508 1923 664 1978; x_wconf 86' lang='lat' dir='ltr'><strong>haud</strong></span> <span class='ocrx_word' id='word_1_157' title='bbox 711 1938 888 1978; x_wconf 88' lang='lat' dir='ltr'><strong>secus</strong></span> <span class='ocrx_word' id='word_1_158' title='bbox 936 1938 1112 1995; x_wconf 86' lang='lat' dir='ltr'><strong>quam</strong></span> <span class='ocrx_word' id='word_1_159' title='bbox 1159 1922 1380 1976; x_wconf 74' lang='lat' dir='ltr'><strong>chartae</strong></span> <span class='ocrx_word' id='word_1_160' title='bbox 1399 1921 1458 1993; x_wconf 75' lang='lat'><strong>²⁹,</strong></span> <span class='ocrx_word' id='word_1_161' title='bbox 1492 1924 1818 1979; x_wconf 86' lang='lat' dir='ltr'><strong>litterarum</strong></span> <span class='ocrx_word' id='word_1_162' title='bbox 1864 1927 2037 1982; x_wconf 81' lang='lat' dir='ltr'><strong>notas</strong></span> 
     </span>
     <span class='ocr_line' id='line_1_20' title="bbox 59 1998 2036 2089; baseline -0.001 -19"><span class='ocrx_word' id='word_1_163' title='bbox 59 2018 325 2089; x_wconf 84' lang='lat' dir='ltr'><strong>capiunt.</strong></span> <span class='ocrx_word' id='word_1_164' title='bbox 357 1998 580 2069; x_wconf 48' lang='lat' dir='ltr'><strong>Aves&#39;ff‘</strong></span> <span class='ocrx_word' id='word_1_165' title='bbox 607 2012 680 2068; x_wconf 82' lang='lat' dir='ltr'><strong>ad</strong></span> <span class='ocrx_word' id='word_1_166' title='bbox 710 2013 1056 2068; x_wconf 80' lang='lat' dir='ltr'><strong>imitandum</strong></span> <span class='ocrx_word' id='word_1_167' title='bbox 1085 2012 1358 2068; x_wconf 69' lang='lat' dir='ltr'><strong>humanae</strong></span> <span class='ocrx_word' id='word_1_168' title='bbox 1380 2014 1546 2068; x_wconf 89' lang='lat' dir='ltr'><strong>vocis</strong></span> <span class='ocrx_word' id='word_1_169' title='bbox 1566 2031 1782 2073; x_wconf 88' lang='lat' dir='ltr'><strong>sonum</strong></span> <span class='ocrx_word' id='word_1_170' title='bbox 1812 2014 2036 2079; x_wconf 85' lang='lat' dir='ltr'><strong>dociles</strong></span> 
     </span>
     <span class='ocr_line' id='line_1_21' title="bbox 58 2100 2038 2177; baseline -0.001 -20"><span class='ocrx_word' id='word_1_171' title='bbox 58 2108 229 2173; x_wconf 80' lang='lat' dir='ltr'><strong>sunt3</strong></span> <span class='ocrx_word' id='word_1_172' title='bbox 274 2100 554 2156; x_wconf 80' lang='lat' dir='ltr'><strong>animalia</strong></span> <span class='ocrx_word' id='word_1_173' title='bbox 583 2102 885 2157; x_wconf 79' lang='lat' dir='ltr'><strong>invisitata</strong></span> <span class='ocrx_word' id='word_1_174' title='bbox 912 2101 1123 2156; x_wconf 85' lang='lat' dir='ltr'><strong>ceteris</strong></span> <span class='ocrx_word' id='word_1_175' title='bbox 1154 2101 1453 2177; x_wconf 82' lang='lat' dir='ltr'><strong>gentibus,</strong></span> <span class='ocrx_word' id='word_1_176' title='bbox 1488 2103 1609 2155; x_wconf 91' lang='lat' dir='ltr'><strong>nisi</strong></span> <span class='ocrx_word' id='word_1_177' title='bbox 1640 2103 1891 2158; x_wconf 82' lang='lat' dir='ltr'><strong>invecta.</strong></span> <span class='ocrx_word' id='word_1_178' title='bbox 1922 2102 2038 2156; x_wconf 85' lang='lat' dir='ltr'><strong>Ea-</strong></span> 
     </span>
     <span class='ocr_line' id='line_1_22' title="bbox 57 2188 2036 2271; baseline 0.001 -26"><span class='ocrx_word' id='word_1_179' title='bbox 57 2191 192 2247; x_wconf 90' lang='lat' dir='ltr'><strong>dem</strong></span> <span class='ocrx_word' id='word_1_180' title='bbox 239 2194 406 2246; x_wconf 83' lang='lat' dir='ltr'><strong>terra</strong></span> <span class='ocrx_word' id='word_1_181' title='bbox 462 2191 866 2245; x_wconf 83' lang='lat' dir='ltr'><strong>rhinocerotas</strong></span> <span class='ocrx_word' id='word_1_182' title='bbox 915 2190 1035 2258; x_wconf 84' lang='lat' dir='ltr'><strong>alit,</strong></span> <span class='ocrx_word' id='word_1_183' title='bbox 1086 2205 1207 2271; x_wconf 68' lang='lat' dir='ltr'><strong>non</strong></span> <span class='ocrx_word' id='word_1_184' title='bbox 1254 2191 1520 2261; x_wconf 81' lang='lat' dir='ltr'><strong>generat.</strong></span> <span class='ocrx_word' id='word_1_185' title='bbox 1574 2188 2036 2263; x_wconf 73' lang='lat' dir='ltr'><strong>Elephantorum</strong></span> 
     </span>
    </p>
   </div>
   <div class='ocr_carea' id='block_1_3' title="bbox 2098 491 2165 546">
    <p class='ocr_par' dir='ltr' id='par_1_3' title="bbox 2098 491 2165 546">
     <span class='ocr_line' id='line_1_23' title="bbox 2098 491 2165 546; baseline 0.015 -1"><span class='ocrx_word' id='word_1_186' title='bbox 2098 491 2165 546; x_wconf 85' lang='lat'><strong>10</strong></span> 
     </span>
    </p>
   </div>
   <div class='ocr_carea' id='block_1_4' title="bbox 2100 757 2161 813">
    <p class='ocr_par' dir='ltr' id='par_1_4' title="bbox 2100 757 2161 813">
     <span class='ocr_line' id='line_1_24' title="bbox 2100 757 2161 813; baseline -0.016 0"><span class='ocrx_word' id='word_1_187' title='bbox 2100 757 2161 813; x_wconf 84' lang='lat'><strong>11</strong></span> 
     </span>
    </p>
   </div>
   <div class='ocr_carea' id='block_1_5' title="bbox 2096 1020 2168 1090">
    <p class='ocr_par' dir='ltr' id='par_1_5' title="bbox 2096 1020 2168 1090">
     <span class='ocr_line' id='line_1_25' title="bbox 2096 1020 2168 1090; baseline -0.014 0"><span class='ocrx_word' id='word_1_188' title='bbox 2096 1020 2168 1090; x_wconf 65' lang='lat'><strong>12</strong></span> 
     </span>
    </p>
   </div>
   <div class='ocr_carea' id='block_1_6' title="bbox 2095 1201 2163 1268">
    <p class='ocr_par' dir='ltr' id='par_1_6' title="bbox 2095 1201 2163 1268">
     <span class='ocr_line' id='line_1_26' title="bbox 2095 1201 2163 1268; baseline 0.015 -1"><span class='ocrx_word' id='word_1_189' title='bbox 2095 1201 2163 1268; x_wconf 66' lang='lat'><strong>13</strong></span> 
     </span>
    </p>
   </div>
   <div class='ocr_carea' id='block_1_7' title="bbox 2096 1567 2166 1623">
    <p class='ocr_par' dir='ltr' id='par_1_7' title="bbox 2096 1567 2166 1623">
     <span class='ocr_line' id='line_1_27' title="bbox 2096 1567 2166 1623; baseline 0 0"><span class='ocrx_word' id='word_1_190' title='bbox 2096 1567 2166 1623; x_wconf 86' lang='lat'><strong>14</strong></span> 
     </span>
    </p>
   </div>
   <div class='ocr_carea' id='block_1_8' title="bbox 2091 1843 2163 2079">
    <p class='ocr_par' dir='ltr' id='par_1_8' title="bbox 2091 1843 2163 2079">
     <span class='ocr_line' id='line_1_28' title="bbox 2093 1843 2163 1898; baseline 0 0"><span class='ocrx_word' id='word_1_191' title='bbox 2093 1843 2163 1898; x_wconf 76' lang='grc'>15</span> 
     </span>
     <span class='ocr_line' id='line_1_29' title="bbox 2091 2020 2161 2079; baseline -0.014 0"><span class='ocrx_word' id='word_1_192' title='bbox 2091 2020 2161 2079; x_wconf 82' lang='grc'>16</span> 
     </span>
    </p>
   </div>
   <div class='ocr_carea' id='block_1_9' title="bbox 2091 2201 2157 2271">
    <p class='ocr_par' dir='ltr' id='par_1_9' title="bbox 2091 2201 2157 2271">
     <span class='ocr_line' id='line_1_30' title="bbox 2091 2201 2157 2271; baseline 0 0"><span class='ocrx_word' id='word_1_193' title='bbox 2091 2201 2157 2271; x_wconf 79' lang='grc'><strong>17.</strong></span> 
     </span>
    </p>
   </div>
   <div class='ocr_carea' id='block_1_10' title="bbox 52 2274 2097 2361">
    <p class='ocr_par' dir='ltr' id='par_1_10' title="bbox 52 2274 2097 2361">
     <span class='ocr_line' id='line_1_31' title="bbox 52 2274 2097 2361; baseline 0 -25"><span class='ocrx_word' id='word_1_194' title='bbox 52 2283 258 2361; x_wconf 77' lang='lat' dir='ltr'><strong>major</strong></span> <span class='ocrx_word' id='word_1_195' title='bbox 304 2283 398 2335; x_wconf 90' lang='lat' dir='ltr'><strong>est</strong></span> <span class='ocrx_word' id='word_1_196' title='bbox 441 2281 554 2350; x_wconf 86' lang='lat' dir='ltr'><strong>vis,</strong></span> <span class='ocrx_word' id='word_1_197' title='bbox 588 2296 761 2355; x_wconf 84' lang='lat' dir='ltr'><strong>quam</strong></span> <span class='ocrx_word' id='word_1_198' title='bbox 811 2278 1018 2353; x_wconf 80' lang='lat' dir='ltr'><strong>quos⁸¹</strong></span> <span class='ocrx_word' id='word_1_199' title='bbox 1051 2279 1113 2331; x_wconf 90' lang='lat' dir='ltr'><strong>in</strong></span> <span class='ocrx_word' id='word_1_200' title='bbox 1167 2277 1357 2335; x_wconf 83' lang='lat' dir='ltr'><strong>Africa</strong></span> <span class='ocrx_word' id='word_1_201' title='bbox 1386 2279 1689 2348; x_wconf 79' lang='lat' dir='ltr'><strong>domitant,</strong></span> <span class='ocrx_word' id='word_1_202' title='bbox 1720 2281 1778 2335; x_wconf 86' lang='lat' dir='ltr'><strong>et</strong></span> <span class='ocrx_word' id='word_1_203' title='bbox 1807 2274 2034 2336; x_wconf 84' lang='lat' dir='ltr'><strong>viribus</strong></span> <span class='ocrx_word' id='word_1_204' title='bbox 2092 2320 2097 2324; x_wconf 87' lang='lat'>-</span> 
     </span>
    </p>
   </div>
   <div class='ocr_carea' id='block_1_11' title="bbox 52 2366 2035 2621">
    <p class='ocr_par' dir='ltr' id='par_1_11' title="bbox 52 2366 2035 2621">
     <span class='ocr_line' id='line_1_32' title="bbox 52 2366 2035 2444; baseline -0.001 -19"><span class='ocrx_word' id='word_1_205' title='bbox 52 2369 414 2444; x_wconf 81' lang='lat' dir='ltr'><strong>magnitudo</strong></span> <span class='ocrx_word' id='word_1_206' title='bbox 443 2368 784 2439; x_wconf 85' lang='lat' dir='ltr'><strong>respondet.</strong></span> <span class='ocrx_word' id='word_1_207' title='bbox 803 2368 1032 2427; x_wconf 86' lang='lat' dir='ltr'><strong>Aurum</strong></span> <span class='ocrx_word' id='word_1_208' title='bbox 1062 2366 1304 2421; x_wconf 84' lang='lat' dir='ltr'><strong>flumina</strong></span> <span class='ocrx_word' id='word_1_209' title='bbox 1332 2366 1576 2437; x_wconf 81' lang='lat' dir='ltr'><strong>vehunt,</strong></span> <span class='ocrx_word' id='word_1_210' title='bbox 1609 2385 1740 2440; x_wconf 81' lang='lat' dir='ltr'><strong>quae</strong></span> <span class='ocrx_word' id='word_1_211' title='bbox 1769 2369 1890 2425; x_wconf 90' lang='lat' dir='ltr'><strong>leni</strong></span> <span class='ocrx_word' id='word_1_212' title='bbox 1911 2386 2035 2435; x_wconf 86' lang='lat' dir='ltr'><strong>mo-</strong></span> 
     </span>
     <span class='ocr_line' id='line_1_33' title="bbox 52 2455 2033 2533; baseline 0 -18"><span class='ocrx_word' id='word_1_213' title='bbox 52 2460 311 2531; x_wconf 86' lang='lat' dir='ltr'><strong>dicoque</strong></span> <span class='ocrx_word' id='word_1_214' title='bbox 341 2459 518 2533; x_wconf 83' lang='lat' dir='ltr'><strong>lapsu</strong></span> <span class='ocrx_word' id='word_1_215' title='bbox 547 2473 765 2531; x_wconf 84' lang='lat' dir='ltr'><strong>segnes</strong></span> <span class='ocrx_word' id='word_1_216' title='bbox 785 2472 972 2528; x_wconf 78' lang='lat' dir='ltr'><strong>aquas</strong></span> <span class='ocrx_word' id='word_1_217' title='bbox 1003 2456 1241 2513; x_wconf 87' lang='lat' dir='ltr'><strong>ducunt.</strong></span> <span class='ocrx_word' id='word_1_218' title='bbox 1267 2455 1543 2511; x_wconf 83' lang='lat' dir='ltr'><strong>Gemmas</strong></span> <span class='ocrx_word' id='word_1_219' title='bbox 1567 2459 2033 2532; x_wconf 75' lang='lat' dir='ltr'><strong>margaritasque</strong></span> 
     </span>
     <span class='ocr_line' id='line_1_34' title="bbox 52 2545 2033 2621; baseline 0 -17"><span class='ocrx_word' id='word_1_220' title='bbox 52 2565 220 2606; x_wconf 81' lang='lat' dir='ltr'><strong>mare</strong></span> <span class='ocrx_word' id='word_1_221' title='bbox 249 2548 554 2605; x_wconf 87' lang='lat' dir='ltr'><strong>littoribus</strong></span> <span class='ocrx_word' id='word_1_222' title='bbox 579 2545 875 2621; x_wconf 82' lang='lat' dir='ltr'><strong>infundit:</strong></span> <span class='ocrx_word' id='word_1_223' title='bbox 926 2561 1119 2619; x_wconf 87' lang='lat' dir='ltr'><strong>neque</strong></span> <span class='ocrx_word' id='word_1_224' title='bbox 1158 2546 1271 2600; x_wconf 78' lang='lat' dir='ltr'><strong>alia</strong></span> <span class='ocrx_word' id='word_1_225' title='bbox 1308 2546 1429 2603; x_wconf 91' lang='lat' dir='ltr'><strong>illis</strong></span> <span class='ocrx_word' id='word_1_226' title='bbox 1476 2547 1669 2621; x_wconf 70' lang='lat' dir='ltr'><strong>maJ‘or</strong></span> <span class='ocrx_word' id='word_1_227' title='bbox 1716 2549 2033 2621; x_wconf 67' lang='lat' dir='ltr'><strong>opulentiae</strong></span> 
     </span>
    </p>
   </div>
   <div class='ocr_carea' id='block_1_12' title="bbox 44 2808 2027 3624">
    <p class='ocr_par' dir='ltr' id='par_1_12' title="bbox 102 2808 1360 2872">
     <span class='ocr_line' id='line_1_35' title="bbox 102 2808 1360 2872; baseline -0.006 -11"><span class='ocrx_word' id='word_1_228' title='bbox 102 2818 183 2864; x_wconf 71' lang='lat'><strong>2¹.</strong></span> <span class='ocrx_word' id='word_1_229' title='bbox 215 2814 534 2872; x_wconf 69' lang='lat' dir='ltr'><strong>Etymanarus.</strong></span> <span class='ocrx_word' id='word_1_230' title='bbox 570 2815 639 2857; x_wconf 88' lang='lat' dir='ltr'><strong>on</strong></span> <span class='ocrx_word' id='word_1_231' title='bbox 667 2823 726 2855; x_wconf 88' lang='lat' dir='ltr'><strong>ne</strong></span> <span class='ocrx_word' id='word_1_232' title='bbox 756 2808 842 2855; x_wconf 80' lang='lat' dir='ltr'><strong>sait</strong></span> <span class='ocrx_word' id='word_1_233' title='bbox 869 2810 979 2867; x_wconf 84' lang='lat' dir='ltr'><strong>quel</strong></span> <span class='ocrx_word' id='word_1_234' title='bbox 1008 2814 1083 2856; x_wconf 85' lang='lat' dir='ltr'><strong>est</strong></span> <span class='ocrx_word' id='word_1_235' title='bbox 1110 2821 1166 2855; x_wconf 85' lang='lat' dir='ltr'><strong>ee</strong></span> <span class='ocrx_word' id='word_1_236' title='bbox 1192 2811 1360 2856; x_wconf 76' lang='lat' dir='ltr'><strong>fleuve.</strong></span> 
     </span>
    </p>

    <p class='ocr_par' dir='ltr' id='par_1_13' title="bbox 101 2873 1562 2931">
     <span class='ocr_line' id='line_1_36' title="bbox 101 2873 1562 2931; baseline -0.004 -7"><span class='ocrx_word' id='word_1_237' title='bbox 101 2884 182 2924; x_wconf 76' lang='lat'><strong>22.</strong></span> <span class='ocrx_word' id='word_1_238' title='bbox 214 2878 396 2923; x_wconf 73' lang='lat' dir='ltr'><strong>Accolis</strong></span> <span class='ocrx_word' id='word_1_239' title='bbox 421 2876 692 2931; x_wconf 70' lang='lat' dir='ltr'><strong>riqautim.</strong></span> <span class='ocrx_word' id='word_1_240' title='bbox 725 2875 849 2917; x_wconf 86' lang='lat' dir='ltr'><strong>N’est</strong></span> <span class='ocrx_word' id='word_1_241' title='bbox 877 2884 962 2928; x_wconf 82' lang='lat' dir='ltr'><strong>pas</strong></span> <span class='ocrx_word' id='word_1_242' title='bbox 993 2873 1116 2916; x_wconf 84' lang='lat' dir='ltr'><strong>dela</strong></span> <span class='ocrx_word' id='word_1_243' title='bbox 1145 2884 1286 2926; x_wconf 84' lang='lat' dir='ltr'><strong>prose</strong></span> <span class='ocrx_word' id='word_1_244' title='bbox 1311 2873 1562 2929; x_wconf 86' lang='lat' dir='ltr'><strong>classique.</strong></span> 
     </span>
    </p>

    <p class='ocr_par' dir='ltr' id='par_1_14' title="bbox 101 2935 1207 2997">
     <span class='ocr_line' id='line_1_37' title="bbox 101 2935 1207 2997; baseline -0.004 -12"><span class='ocrx_word' id='word_1_245' title='bbox 101 2941 182 2985; x_wconf 80' lang='lat'><strong>23.</strong></span> <span class='ocrx_word' id='word_1_246' title='bbox 218 2940 452 2997; x_wconf 73' lang='lat' dir='ltr'><strong>Carpitur.</strong></span> <span class='ocrx_word' id='word_1_247' title='bbox 478 2938 709 2993; x_wconf 75' lang='lat' dir='ltr'><strong>Entendez</strong></span> <span class='ocrx_word' id='word_1_248' title='bbox 731 2936 963 2983; x_wconf 79' lang='lat' dir='ltr'><strong>deducitur</strong></span> <span class='ocrx_word' id='word_1_249' title='bbox 990 2935 1040 2979; x_wconf 81' lang='lat' dir='ltr'><strong>in</strong></span> <span class='ocrx_word' id='word_1_250' title='bbox 1066 2936 1207 2982; x_wconf 72' lang='lat' dir='ltr'><strong>rivos,</strong></span> 
     </span>
    </p>

    <p class='ocr_par' dir='ltr' id='par_1_15' title="bbox 98 2990 1255 3056">
     <span class='ocr_line' id='line_1_38' title="bbox 98 2990 1255 3056; baseline -0.005 -7"><span class='ocrx_word' id='word_1_251' title='bbox 98 3009 182 3049; x_wconf 76' lang='lat'><strong>24.</strong></span> <span class='ocrx_word' id='word_1_252' title='bbox 214 3004 343 3056; x_wconf 73' lang='lat' dir='ltr'><strong>Nota,</strong></span> <span class='ocrx_word' id='word_1_253' title='bbox 373 2990 545 3056; x_wconf 74' lang='lat' dir='ltr'><strong>plurlel</strong></span> <span class='ocrx_word' id='word_1_254' title='bbox 573 3004 740 3043; x_wconf 58' lang='lat' dir='ltr'><strong>neutro*</strong></span> <span class='ocrx_word' id='word_1_255' title='bbox 767 2996 791 3042; x_wconf 69' lang='grc' dir='ltr'><strong>τ’</strong></span> <span class='ocrx_word' id='word_1_256' title='bbox 808 2994 891 3043; x_wconf 83' lang='lat' dir='ltr'><strong>des</strong></span> <span class='ocrx_word' id='word_1_257' title='bbox 923 3008 1034 3053; x_wconf 83' lang='lat' dir='ltr'><strong>pays</strong></span> <span class='ocrx_word' id='word_1_258' title='bbox 1055 3008 1255 3043; x_wconf 88' lang='lat' dir='ltr'><strong>oonnus.</strong></span> 
     </span>
    </p>

    <p class='ocr_par' dir='ltr' id='par_1_16' title="bbox 97 3056 1653 3121">
     <span class='ocr_line' id='line_1_39' title="bbox 97 3056 1653 3121; baseline -0.004 -11"><span class='ocrx_word' id='word_1_259' title='bbox 97 3056 189 3113; x_wconf 77' lang='lat'><strong>25.&#39;</strong></span> <span class='ocrx_word' id='word_1_260' title='bbox 214 3064 450 3121; x_wconf 79' lang='lat' dir='ltr'><strong>Aquilone.</strong></span> <span class='ocrx_word' id='word_1_261' title='bbox 488 3063 657 3115; x_wconf 85' lang='lat' dir='ltr'><strong>Quinte</strong></span> <span class='ocrx_word' id='word_1_262' title='bbox 686 3064 833 3105; x_wconf 83' lang='lat' dir='ltr'><strong>curce</strong></span> <span class='ocrx_word' id='word_1_263' title='bbox 859 3059 1051 3117; x_wconf 75' lang='lat' dir='ltr'><strong>designe</strong></span> <span class='ocrx_word' id='word_1_264' title='bbox 1074 3061 1135 3117; x_wconf 76' lang='lat' dir='ltr'><strong>ici</strong></span> <span class='ocrx_word' id='word_1_265' title='bbox 1163 3061 1232 3105; x_wconf 88' lang='lat' dir='ltr'><strong>les</strong></span> <span class='ocrx_word' id='word_1_266' title='bbox 1264 3066 1400 3119; x_wconf 77' lang='lat' dir='ltr'><strong>yents</strong></span> <span class='ocrx_word' id='word_1_267' title='bbox 1426 3059 1653 3105; x_wconf 74' lang='lat' dir='ltr'><strong>etesiens.</strong></span> 
     </span>
    </p>

    <p class='ocr_par' dir='ltr' id='par_1_17' title="bbox 98 3122 1104 3178">
     <span class='ocr_line' id='line_1_40' title="bbox 98 3122 1104 3178; baseline -0.007 -4"><span class='ocrx_word' id='word_1_268' title='bbox 98 3128 182 3174; x_wconf 74' lang='lat'><strong>26.</strong></span> <span class='ocrx_word' id='word_1_269' title='bbox 215 3128 407 3172; x_wconf 72' lang='lat' dir='ltr'><strong>Feruor-e</strong></span> <span class='ocrx_word' id='word_1_270' title='bbox 434 3126 548 3168; x_wconf 73' lang='lat' dir='ltr'><strong>solie</strong></span> <span class='ocrx_word' id='word_1_271' title='bbox 576 3126 841 3168; x_wconf 69' lang='lat' dir='ltr'><strong>exaestuant.</strong></span> <span class='ocrx_word' id='word_1_272' title='bbox 871 3122 1104 3178; x_wconf 68' lang='lat' dir='ltr'><strong>poetique.</strong></span> 
     </span>
    </p>

    <p class='ocr_par' dir='ltr' id='par_1_18' title="bbox 44 3184 2027 3421">
     <span class='ocr_line' id='line_1_41' title="bbox 94 3184 2027 3249; baseline -0.002 -15"><span class='ocrx_word' id='word_1_273' title='bbox 94 3193 178 3234; x_wconf 74' lang='lat'><strong>2¹⁷.</strong></span> <span class='ocrx_word' id='word_1_274' title='bbox 211 3192 249 3233; x_wconf 88' lang='lat'><strong>11</strong></span> <span class='ocrx_word' id='word_1_275' title='bbox 277 3190 355 3249; x_wconf 72' lang='lat' dir='ltr'><strong>n’y</strong></span> <span class='ocrx_word' id='word_1_276' title='bbox 381 3200 407 3231; x_wconf 85' lang='lat' dir='ltr'><strong>a</strong></span> <span class='ocrx_word' id='word_1_277' title='bbox 430 3187 488 3231; x_wconf 90' lang='lat' dir='ltr'><strong>de</strong></span> <span class='ocrx_word' id='word_1_278' title='bbox 508 3188 644 3247; x_wconf 82' lang='lat' dir='ltr'><strong>neige</strong></span> <span class='ocrx_word' id='word_1_279' title='bbox 673 3198 765 3245; x_wconf 87' lang='lat' dir='ltr'><strong>que</strong></span> <span class='ocrx_word' id='word_1_280' title='bbox 794 3197 877 3230; x_wconf 86' lang='lat' dir='ltr'><strong>sur</strong></span> <span class='ocrx_word' id='word_1_281' title='bbox 905 3187 974 3229; x_wconf 89' lang='lat' dir='ltr'><strong>les</strong></span> <span class='ocrx_word' id='word_1_282' title='bbox 1003 3185 1167 3229; x_wconf 85' lang='lat' dir='ltr'><strong>hautes</strong></span> <span class='ocrx_word' id='word_1_283' title='bbox 1198 3189 1488 3241; x_wconf 68' lang='lat' dir='ltr'><strong>montagnss.</strong></span> <span class='ocrx_word' id='word_1_284' title='bbox 1524 3184 1559 3230; x_wconf 90' lang='lat'><strong>11</strong></span> <span class='ocrx_word' id='word_1_285' title='bbox 1588 3197 1648 3229; x_wconf 92' lang='lat' dir='ltr'><strong>ne</strong></span> <span class='ocrx_word' id='word_1_286' title='bbox 1677 3185 1780 3242; x_wconf 73' lang='lat' dir='ltr'><strong>gele</strong></span> <span class='ocrx_word' id='word_1_287' title='bbox 1799 3198 1882 3244; x_wconf 79' lang='lat' dir='ltr'><strong>pas</strong></span> <span class='ocrx_word' id='word_1_288' title='bbox 1912 3190 2027 3234; x_wconf 82' lang='lat' dir='ltr'><strong>dans</strong></span> 
     </span>
     <span class='ocr_line' id='line_1_42' title="bbox 44 3246 2026 3308; baseline -0.001 -12"><span class='ocrx_word' id='word_1_289' title='bbox 44 3251 217 3299; x_wconf 70' lang='lat' dir='ltr'><strong>vinde.</strong></span> <span class='ocrx_word' id='word_1_290' title='bbox 253 3255 322 3295; x_wconf 85' lang='lat' dir='ltr'><strong>En</strong></span> <span class='ocrx_word' id='word_1_291' title='bbox 344 3248 541 3304; x_wconf 58' lang='lat' dir='ltr'><strong>januar,</strong></span> <span class='ocrx_word' id='word_1_292' title='bbox 561 3248 604 3291; x_wconf 89' lang='lat' dir='ltr'><strong>le</strong></span> <span class='ocrx_word' id='word_1_293' title='bbox 637 3247 753 3291; x_wconf 86' lang='lat' dir='ltr'><strong>mois</strong></span> <span class='ocrx_word' id='word_1_294' title='bbox 774 3248 819 3291; x_wconf 85' lang='lat' dir='ltr'><strong>lo</strong></span> <span class='ocrx_word' id='word_1_295' title='bbox 842 3246 948 3302; x_wconf 89' lang='lat' dir='ltr'><strong>plus</strong></span> <span class='ocrx_word' id='word_1_296' title='bbox 970 3246 1103 3297; x_wconf 78' lang='lat' dir='ltr'><strong>froid,</strong></span> <span class='ocrx_word' id='word_1_297' title='bbox 1133 3246 1178 3291; x_wconf 91' lang='lat' dir='ltr'><strong>le</strong></span> <span class='ocrx_word' id='word_1_298' title='bbox 1203 3246 1533 3305; x_wconf 68' lang='lat' dir='ltr'><strong>thermometre</strong></span> <span class='ocrx_word' id='word_1_299' title='bbox 1558 3259 1617 3292; x_wconf 86' lang='lat' dir='ltr'><strong>ne</strong></span> <span class='ocrx_word' id='word_1_300' title='bbox 1639 3248 1844 3293; x_wconf 85' lang='lat' dir='ltr'><strong>descend</strong></span> <span class='ocrx_word' id='word_1_301' title='bbox 1862 3251 2026 3308; x_wconf 76' lang='lat' dir='ltr'><strong>gnere,</strong></span> 
     </span>
     <span class='ocr_line' id='line_1_43' title="bbox 44 3308 2027 3368; baseline -0.007 -10"><span class='ocrx_word' id='word_1_302' title='bbox 44 3314 171 3358; x_wconf 77' lang='lat' dir='ltr'><strong>dans</strong></span> <span class='ocrx_word' id='word_1_303' title='bbox 196 3314 246 3358; x_wconf 83' lang='lat' dir='ltr'><strong>la</strong></span> <span class='ocrx_word' id='word_1_304' title='bbox 274 3313 424 3368; x_wconf 81' lang='lat' dir='ltr'><strong>partio</strong></span> <span class='ocrx_word' id='word_1_305' title='bbox 453 3311 817 3366; x_wconf 79' lang='lat' dir='ltr'><strong>septentrionale</strong></span> <span class='ocrx_word' id='word_1_306' title='bbox 845 3308 904 3353; x_wconf 86' lang='lat' dir='ltr'><strong>de</strong></span> <span class='ocrx_word' id='word_1_307' title='bbox 934 3308 1088 3362; x_wconf 84' lang='lat' dir='ltr'><strong>l&#39;lnde,</strong></span> <span class='ocrx_word' id='word_1_308' title='bbox 1118 3308 1400 3359; x_wconf 82' lang='lat' dir='ltr'><strong>au-dessous</strong></span> <span class='ocrx_word' id='word_1_309' title='bbox 1440 3309 1497 3363; x_wconf 75' lang='lat' dir='ltr'><strong>de</strong></span> <span class='ocrx_word' id='word_1_310' title='bbox 1534 3309 1562 3352; x_wconf 90' lang='lat'>9</span> <span class='ocrx_word' id='word_1_311' title='bbox 1598 3310 1763 3367; x_wconf 50' lang='lat' dir='ltr'><strong>degrfig</strong></span> <span class='ocrx_word' id='word_1_312' title='bbox 1790 3314 2027 3365; x_wconf 37' lang='lat' dir='ltr'><strong>‹gu-aegas*</strong></span> 
     </span>
     <span class='ocr_line' id='line_1_44' title="bbox 46 3376 260 3421; baseline 0.009 -2"><span class='ocrx_word' id='word_1_313' title='bbox 46 3376 101 3419; x_wconf 75' lang='lat' dir='ltr'><strong>de</strong></span> <span class='ocrx_word' id='word_1_314' title='bbox 137 3377 260 3421; x_wconf 60' lang='grc' dir='ltr'><em>πάνυ.</em></span> 
     </span>
    </p>

    <p class='ocr_par' dir='ltr' id='par_1_19' title="bbox 100 3426 1912 3497">
     <span class='ocr_line' id='line_1_45' title="bbox 100 3426 1912 3497; baseline -0.002 -15"><span class='ocrx_word' id='word_1_315' title='bbox 100 3438 188 3485; x_wconf 74' lang='lat'><strong>28.</strong></span> <span class='ocrx_word' id='word_1_316' title='bbox 219 3437 434 3493; x_wconf 70' lang='lat' dir='ltr'><strong>Erythro.</strong></span> <span class='ocrx_word' id='word_1_317' title='bbox 468 3435 552 3479; x_wconf 88' lang='lat' dir='ltr'><strong>Roi</strong></span> <span class='ocrx_word' id='word_1_318' title='bbox 573 3433 860 3495; x_wconf 71' lang='lat' dir='ltr'><strong>legendaire.</strong></span> <span class='ocrx_word' id='word_1_319' title='bbox 891 3426 986 3491; x_wconf 68' lang='lat' dir='ltr'><strong>Cf„</strong></span> <span class='ocrx_word' id='word_1_320' title='bbox 1016 3443 1096 3478; x_wconf 81' lang='lat' dir='ltr'><strong>sur</strong></span> <span class='ocrx_word' id='word_1_321' title='bbox 1124 3433 1168 3476; x_wconf 87' lang='lat' dir='ltr'><strong>la</strong></span> <span class='ocrx_word' id='word_1_322' title='bbox 1195 3434 1294 3476; x_wconf 78' lang='lat' dir='ltr'><strong>mer&#39;</strong></span> <span class='ocrx_word' id='word_1_323' title='bbox 1320 3435 1493 3497; x_wconf 58' lang='lat' dir='ltr'><strong>Rouge,</strong></span> <span class='ocrx_word' id='word_1_324' title='bbox 1523 3436 1597 3492; x_wconf 89' lang='lat'>111,</span> <span class='ocrx_word' id='word_1_325' title='bbox 1625 3440 1677 3492; x_wconf 77' lang='grc' dir='ltr'><strong>ιι,</strong></span> <span class='ocrx_word' id='word_1_326' title='bbox 1705 3434 1824 3493; x_wconf 56' lang='lat' dir='ltr'><strong>noto,</strong></span> <span class='ocrx_word' id='word_1_327' title='bbox 1840 3432 1912 3491; x_wconf 71' lang='grc'><strong>14.</strong></span> 
     </span>
    </p>

    <p class='ocr_par' dir='ltr' id='par_1_20' title="bbox 101 3498 1884 3552">
     <span class='ocr_line' id='line_1_46' title="bbox 101 3498 1884 3552; baseline -0.008 -6"><span class='ocrx_word' id='word_1_328' title='bbox 101 3504 185 3546; x_wconf 75' lang='lat'><strong>29.</strong></span> <span class='ocrx_word' id='word_1_329' title='bbox 217 3500 418 3545; x_wconf 77' lang='lat' dir='ltr'><strong>Chartae.</strong></span> <span class='ocrx_word' id='word_1_330' title='bbox 452 3501 513 3541; x_wconf 82' lang='lat' dir='ltr'><strong>Le</strong></span> <span class='ocrx_word' id='word_1_331' title='bbox 531 3498 749 3552; x_wconf 73' lang='lat' dir='ltr'><strong>papyrus.</strong></span> <span class='ocrx_word' id='word_1_332' title='bbox 924 3508 931 3515; x_wconf 96' lang='lat'><strong>·</strong></span> <span class='ocrx_word' id='word_1_333' title='bbox 1809 3542 1814 3549; x_wconf 16' lang='grc' dir='ltr'><em>α</em></span> <span class='ocrx_word' id='word_1_334' title='bbox 1875 3502 1884 3509; x_wconf 88' lang='grc'>·</span> 
     </span>
    </p>

    <p class='ocr_par' dir='ltr' id='par_1_21' title="bbox 107 3563 801 3624">
     <span class='ocr_line' id='line_1_47' title="bbox 107 3563 801 3624; baseline -0.006 -16"><span class='ocrx_word' id='word_1_335' title='bbox 107 3568 187 3608; x_wconf 73' lang='lat'><strong>30.</strong></span> <span class='ocrx_word' id='word_1_336' title='bbox 219 3563 353 3607; x_wconf 66' lang='lat' dir='ltr'><strong>Aves.</strong></span> <span class='ocrx_word' id='word_1_337' title='bbox 387 3563 477 3609; x_wconf 81' lang='lat' dir='ltr'><strong>Les</strong></span> <span class='ocrx_word' id='word_1_338' title='bbox 505 3563 755 3624; x_wconf 77' lang='lat' dir='ltr'><strong>porroquet</strong></span> <span class='ocrx_word' id='word_1_339' title='bbox 787 3591 801 3604; x_wconf 91' lang='lat'><strong>.</strong></span> 
     </span>
    </p>
   </div>
   <div class='ocr_carea' id='block_1_13' title="bbox 394 3614 401 3621">
    <p class='ocr_par' dir='ltr' id='par_1_22' title="bbox 394 3614 401 3621">
     <span class='ocr_line' id='line_1_48' title="bbox 394 3614 401 3621; baseline 0 -2"><span class='ocrx_word' id='word_1_340' title='bbox 394 3614 401 3621; x_wconf 75' lang='lat'><em>.</em></span> 
     </span>
    </p>
   </div>
   <div class='ocr_carea' id='block_1_14' title="bbox 106 3600 1349 3678">
    <p class='ocr_par' dir='ltr' id='par_1_23' title="bbox 106 3600 1349 3678">
     <span class='ocr_line' id='line_1_49' title="bbox 106 3600 1349 3678; baseline -0.004 -9"><span class='ocrx_word' id='word_1_341' title='bbox 106 3626 189 3674; x_wconf 75' lang='lat'><strong>31.</strong></span> <span class='ocrx_word' id='word_1_342' title='bbox 228 3625 363 3677; x_wconf 78' lang='lat' dir='ltr'><strong>Quam</strong></span> <span class='ocrx_word' id='word_1_343' title='bbox 389 3633 518 3678; x_wconf 68' lang='lat' dir='ltr'><strong>quos.</strong></span> <span class='ocrx_word' id='word_1_344' title='bbox 549 3618 724 3675; x_wconf 67' lang='lat' dir='ltr'><strong>tuipse</strong></span> <span class='ocrx_word' id='word_1_345' title='bbox 774 3618 804 3663; x_wconf 73' lang='lat' dir='ltr'><strong>fl</strong></span> <span class='ocrx_word' id='word_1_346' title='bbox 833 3600 1158 3666; x_wconf 73' lang='lat' dir='ltr'><strong>demonstratis</strong></span> <span class='ocrx_word' id='word_1_347' title='bbox 1183 3632 1349 3666; x_wconf 83' lang='lat' dir='ltr'><strong>eorum.</strong></span> 
     </span>
    </p>
   </div>
   <div class='ocr_carea' id='block_1_15' title="bbox 2091 2379 2161 2545">
    <p class='ocr_par' dir='ltr' id='par_1_24' title="bbox 2091 2379 2161 2545">
     <span class='ocr_line' id='line_1_50' title="bbox 2093 2379 2161 2453; baseline 0 0"><span class='ocrx_word' id='word_1_348' title='bbox 2093 2379 2161 2453; x_wconf 66' lang='grc' dir='ltr'><strong>ιε</strong></span> 
     </span>
     <span class='ocr_line' id='line_1_51' title="bbox 2091 2468 2160 2545; baseline 0 0"><span class='ocrx_word' id='word_1_349' title='bbox 2091 2468 2160 2545; x_wconf 58' lang='lat'><strong>12</strong></span> 
     </span>
    </p>
   </div>
  </div>
 </body>
</html>
