2517 3975
709 252 1099 292 ffls'romluum
1135 253 1469 293 Annxmnm
1505 257 1585 306 ιν,
1627 255 1688 293 11.
2117 241 2185 295 57

215 362 318 416 Ille
344 363 502 415 dona
529 363 594 416 ut
626 360 699 416 ab
730 361 935 416 amicis
963 363 1149 433 accipi
1171 362 1358 435 jussit
1386 364 1762 435 benigneque
1788 365 2026 435 legatos
2053 363 2188 419 allo·

214 455 409 518 cume,
452 447 719 515 Herculi,
751 466 926 520 quem
979 451 1274 521 praecipue
1328 453 1493 524 Tyrii
1521 453 1801 521 colerent,
1845 451 2187 507 sacrificare

213 540 371 595 velle
402 556 470 594 se
498 539 651 593 dixit
675 557 689 593 ε
721 538 1107 594 Macedonum
1135 556 1312 611 reges
1341 539 1578 596 credere
1606 542 1679 596 ab
1711 541 1812 595 illo
1841 540 1953 596 deo
1984 541 2186 612 ipsos²

211 646 409 700 genus
429 630 662 698 ducere,
681 643 746 682 se
765 641 934 693 vere,
954 632 1018 682 ut
1038 629 1099 682 id
1117 628 1357 695 faceret,
1376 630 1553 684 etiam
1574 630 1817 686 oraculo
1830 631 1852 651 *
1873 630 2179 684 monitum.

214 718 431 788 Legati
455 716 840 787 respondent,
882 732 1017 772 esse
1054 718 1340 789 templum
1371 718 1652 774 Herculis
1685 722 1853 773 extra
1880 719 2090 773 urbem
2121 718 2181 771 in

215 824 283 864 ea
327 808 490 874 sede,
533 822 707 877 quam
744 806 1081 876 Palaetyron
1118 806 1239 877 ipsi
1280 810 1489 862 vocent
1519 820 1534 861 ε
1567 807 1653 861 ihi
1693 823 1900 877 regem
1936 806 2047 862 deo
2086 822 2185 860 sa-

215 896 413 951 crum⁸
441 897 555 950 rite
585 894 898 950 facturum.
936 896 1072 950 Non
1102 894 1293 949 tenuit
1318 896 1489 965 iram,
1520 896 1693 968 cujus
1722 896 1940 965 alioqui
1965 898 2183 966 potens

214 1002 334 1040 non
368 987 512 1039 erat.
546 984 750 1055 Itaque
782 999 794 1037 ε
846 1005 869 1035 «
901 984 1025 1038 Vos
1062 984 1321 1055 quidem,
1353 984 1564 1055 inquit,
1605 983 1814 1040 fiducia
1856 984 1990 1048 loci,
2024 985 2182 1054 quod

212 1074 474 1130 insulam
501 1073 782 1140 incolitis,
812 1072 1182 1142 pedestrem*
1211 1072 1369 1127 hunc
1392 1074 1714 1127 exercitum
1735 1072 2018 1144 spernitis
2044 1073 2180 1127 :sed

211 1165 387 1221 brevi
416 1162 727 1217 ostendam
754 1161 819 1215 in
848 1162 1172 1216 continenti
1201 1177 1314 1216 vos
1332 1177 1490 1216 esse.
1513 1163 1772 1217 Proinde
1795 1163 2002 1217 sciatis
2020 1163 2176 1230 licet,

212 1256 314 1310 aut
349 1249 709 1307 intraturum
745 1266 838 1305 me
882 1252 1095 1305 urbem
1133 1255 1232 1305 aut
1278 1254 1777 1323 oppugnaturum.
1810 1275 1833 1300 n
1875 1252 2022 1307 Cum
2071 1252 2181 1308 hoc

211 1355 513 1413 responso
543 1340 782 1394 dimissi
808 1356 952 1394 suos
983 1354 1228 1394 monere
1270 1343 1590 1410 coeperunt,
1630 1343 1695 1394 ut
1731 1356 1957 1413 regem,
2004 1356 2180 1413 quem

213 1431 409 1504 Syria,
447 1444 620 1500 quem
648 1428 933 1484 Phoenice
962 1429 1305 1500 recepisset,
1329 1428 1451 1499 ipsi
1476 1443 1710 1499 quoque
1730 1430 1935 1484 urbem
1957 1431 2179 1485 intrare

209 1520 579 1592 paterentur.
598 1517 670 1572 At
699 1518 808 1586 illi,
842 1518 1152 1573 loco-satis
1172 1517 1287 1584 fisi,
1312 1515 1690 1574 obsidionem
1715 1518 1872 1574 ferre
1901 1520 2181 1575 decreve-

211 1611 369 1666 rant.

277 1697 558 1767 Namque
595 1697 800 1751 urbem
837 1712 872 1751 a
911 1696 1235 1751 continenti
1280 1700 1533 1770 quatuor
1567 1697 1934 1754 stadiorum*
1962 1698 2178 1772 fretum

210 1785 428 1841 dividit
462 1802 474 1840 :
515 1783 721 1855 Africo
742 1786 761 1812 ⁵
787 1784 1042 1839 maxime
1073 1784 1393 1857 objectum,
1425 1787 1675 1843 crebros
1710 1804 1785 1843 ex
1816 1788 1933 1843 alto
1963 1788 2179 1842 fluctus

213 1876 274 1929 in
300 1875 474 1929 littus
501 1873 741 1928 evolvit.
771 1873 894 1927 Nec
923 1873 1264 1942 accipiendo
1294 1877 1484 1946 operi,
1516 1892 1633 1946 quo
1662 1876 2014 1931 Macedones
2042 1891 2180 1931 con-

212 1963 430 2018 tinenti
479 1962 736 2017 insulam
776 1961 1032 2034 jungere
1075 1963 1383 2035 parabant,
1414 1965 1725 2036 quicquam
1767 1964 1961 2036 magis
2001 1978 2177 2034 quam

214 2054 317 2108 ille
363 2053 622 2107 ventus*
672 2052 961 2107 obstabat.
1010 2050 1233 2123 Quippe
1269 2054 1374 2107 vix
1415 2054 1532 2108 leni
1574 2057 1631 2109 et
1669 2052 1987 2124 tranquillo
2025 2053 2180 2108 mari

217 2140 416 2195 moles
446 2140 542 2210 agi
568 2142 841 2210 possunt,
892 2137 1129 2194 Africus
1165 2156 1314 2196 vero
1352 2141 1541 2210 prima
1580 2155 1822 2212 quaeque
1861 2141 2179 2212 congesta⁶

213 2228 405 2300 pulsu
438 2228 595 2283 illisa
631 2227 814 2281 maris
859 2227 1095 2285 subruit
1138 2240 1153 2283 z
1198 2243 1313 2283 nec
1350 2228 1472 2283 ulla
1507 2231 1626 2283 tam
1653 2228 1823 2282 firma
1849 2227 2037 2282 moles
2065 2231 2173 2293 est,

216 2332 391 2388 quam
410 2331 531 2371 non
552 2316 804 2371 exedant
832 2314 1027 2386 undae,
1051 2317 1109 2370 et
1133 2331 1243 2386 per
1261 2330 1454 2375 nexus
1475 2330 1722 2387 operum
1742 2316 2075 2383 mananteS,
2100 2319 2171 2382 et,

217 2406 318 2460 ubi
346 2405 545 2460 acrior
572 2404 746 2459 flatus
778 2404 1031 2470 exsistit,
1060 2405 1277 2459 summi
1315 2405 1513 2474 operis
1543 2403 1787 2473 fastigio
1819 2402 2172 2475 superfusae.

220 2494 443 2551 Praeter
496 2491 649 2547 hanc
703 2492 1102 2547 difficultatem
1157 2491 1315 2546 haud
1353 2493 1550 2547 minor
1610 2492 1723 2547 alia
1759 2496 1885 2548 erat
1917 2509 1931 2547 ε
1968 2508 2175 2549 muros

219 2583 309 2639 tur
338 2581 725 2653 esque‘urbis
743 2581 1051 2653 praealtum
1073 2595 1239 2634 mare
1256 2581 1275 2607 ⁷
1296 2581 1587 2635 ambiebat
1612 2598 1625 2635 :
1655 2596 1775 2636 non
1794 2584 2084 2637 tormenta
2098 2582 2117 2610 ⁸
2131 2583 2172 2653 *‚

222 2598 342 2725 nis}
377 2687 407 2727 e
445 2670 704 2725 navibus
745 2670 952 2741 procul
982 2684 1255 2738 excussa,
1298 2670 1471 2740 mitti,
1504 2685 1625 2725 non
1663 2670 1839 2725 scalae
1875 2671 2178 2727 moenibus
2227 2704 2232 2713 ι

276 2901 320 2940 2.
346 2897 467 2952 Ipsos
485 2909 620 2951 aeuus
638 2897 807 2947 ducere.
824 2908 874 2941 se
894 2907 994 2942 vero
1022 2895 1254 2940 monitum.
1280 2896 1351 2940 Cf.
1387 2898 1461 2951 111,
1482 2905 1517 2950 1,
1539 2900 1647 2940 note
1671 2896 1743 2941 12.

278 2958 321 3001 3.
355 2959 551 3005 Sacrum.
578 2959 644 3004 On
662 2959 731 3004 dit
750 2959 902 3014 plutot
925 2969 1052 3003 sacra
1068 2960 1232 3012 facere.

279 3020 325 3066 4.
353 3021 600 3065 Pedestrem
627 3023 886 3075 exercitum,
906 3021 1093 3065 l’armee
1115 3021 1172 3066 de
1201 3025 1344 3071 terre,
1372 3020 1619 3064 infanterie
1637 3024 1684 3064 et
1711 3023 1957 3076 cavalario,
1986 3034 2066 3077 par
2096 3035 2176 3080 op-

235 3081 425 3132 position
443 3083 468 3128 ὲ
486 3095 579 3128 une
598 3084 750 3133 ssotte3
779 3083 837 3127 de
865 3083 1073 3139 meme‚§
1099 3087 1143 3136 8,
1161 3083 1363 3137 pedestre
1390 3083 1498 3132 iter.
1515 3094 1577 3124 un
1601 3081 1789 3126 chemin
1807 3084 1864 3127 de
1898 3089 2040 3130 terre.

282 3143 324 3188 5.
355 3146 519 3200 Africo.
539 3149 602 3190 Le
626 3150 739 3189 vent
766 3145 1013 3200 d’Afrique,
1028 3145 1206 3189 violent
1220 3150 1275 3189 et
1288 3143 1491 3197 furieux,
1512 3143 1728 3189 soufflent
1745 3145 1806 3190 du
1831 3145 1971 3193 S.-0.

284 3204 326 3249 6.
360 3206 586 3263 conuecta,
605 3207 838 3261 participe
854 3209 949 3262 pris
968 3207 1399 3251 substantivement.
1597 3222 1610 3237 ³·

286 3270 330 3311 ’1.
358 3269 590 3313 Praealtum
609 3281 747 3316 mare.
776 3269 938 3313 Arrien
964 3269 1032 3313 dit
1052 3280 1144 3324 que
1169 3270 1214 3313 le
1244 3268 1412 3312 detroit
1431 3268 1544 3312 etait
1572 3280 1662 3323 peu
1689 3269 1899 3323 protond.

289 3332 330 3372 8.
362 3331 602 3375 Tormenta.
632 3332 903 3375 Tomentum
940 3329 1125 3387 signifle
1164 3331 1363 3376 machine
1389 3330 1416 3374 ὰ
1440 3330 1588 3374 lanoer
1609 3333 1686 3375 des
1708 3330 1985 3386 projectiles,
2016 3336 2077 3382 et.
2098 3344 2179 3387 par

250 3389 504 3446 metaphora,
529 3394 766 3449 projectae
794 3392 919 3437 lance
941 3404 1024 3449 par
1042 3404 1124 3437 une
1151 3392 1368 3437 machine.
1388 3392 1512 3437 C’est
1531 3392 1589 3449 ὴί
1619 3394 1662 3436 le
1691 3393 1932 3436 deuxieme
1959 3404 2082 3438 sens.
2111 3393 2179 3436 Ad

250 3456 439 3498 extremas
455 3456 597 3509 fossas
622 3456 806 3501 omelia
823 3455 1069 3508 constituit,
1108 3455 1254 3512 ibique
1274 3459 1485 3499 tormenta
1504 3454 1745 3510 (machine)
1771 3454 2001 3497 collocavit
2025 3454 2175 3507 maes„

253 3510 352 3556 Bell.
381 3516 489 3569 Gall,
511 3521 562 3572 ll,
584 3518 644 3574 8).
660 3518 842 3562 Tantum
868 3518 1019 3562 aberat
1047 3530 1073 3562 a
1091 3523 1239 3562 nostro
1260 3518 1459 3571 castello,
1479 3520 1530 3560 ut
1558 3517 1693 3559 telum
1723 3519 2027 3560 tormentumae
2051 3516 2177 3568 (pro-

42 3556 45 3569 ι
128 3558 169 3601 ³¹
252 3568 401 3633 ieetue)
426 3580 603 3650 missum
631 3580 754 3636 adiqi
780 3592 864 3626 non
882 3583 1033 3636 posset
1078 3583 1218 3630 Caes..
1238 3580 1357 3625 Bell.
1383 3577 1511 3634 Cim,
1534 3581 1603 3630 111,
1625 3578 1711 3631 51).
