<?xml version="1.0" encoding="UTF-8"?>
<!DOCTYPE html PUBLIC "-//W3C//DTD XHTML 1.0 Transitional//EN"
    "http://www.w3.org/TR/xhtml1/DTD/xhtml1-transitional.dtd">
<html xmlns="http://www.w3.org/1999/xhtml" xml:lang="en" lang="en">
 <head>
  <title>
</title>
<meta http-equiv="Content-Type" content="text/html;charset=utf-8" />
  <meta name='ocr-system' content='tesseract 3.04.00' />
  <meta name='ocr-capabilities' content='ocr_page ocr_carea ocr_par ocr_line ocrx_word'/>
</head>
<body>
  <div class='ocr_page' id='page_1' title='image "./qcurtirufihisto00brelgoog_0053.png"; bbox 0 0 2517 3975; ppageno 0'>
   <div class='ocr_carea' id='block_1_1' title="bbox 608 218 2135 288">
    <p class='ocr_par' dir='ltr' id='par_1_1' title="bbox 608 218 2135 288">
     <span class='ocr_line' id='line_1_1' title="bbox 608 218 2135 288; baseline -0.001 -15"><span class='ocrx_word' id='word_1_1' title='bbox 608 235 1000 274; x_wconf 66' lang='lat' dir='ltr'>msronunuu</span> <span class='ocrx_word' id='word_1_2' title='bbox 1036 235 1371 276; x_wconf 56' lang='lat' dir='ltr'>nummum</span> <span class='ocrx_word' id='word_1_3' title='bbox 1411 237 1497 288; x_wconf 87' lang='lat'>111,</span> <span class='ocrx_word' id='word_1_4' title='bbox 1537 236 1666 276; x_wconf 80' lang='lat' dir='ltr'>vm.</span> <span class='ocrx_word' id='word_1_5' title='bbox 2063 218 2135 273; x_wconf 72' lang='lat'>29</span> 
     </span>
    </p>
   </div>
   <div class='ocr_carea' id='block_1_2' title="bbox 148 340 2271 3169">
    <p class='ocr_par' dir='ltr' id='par_1_2' title="bbox 204 340 2227 686">
     <span class='ocr_line' id='line_1_2' title="bbox 213 340 2227 413; baseline 0.001 -19"><span class='ocrx_word' id='word_1_6' title='bbox 213 345 571 409; x_wconf 83' lang='lat' dir='ltr'>pervenerant.</span> <span class='ocrx_word' id='word_1_7' title='bbox 596 341 674 395; x_wconf 92' lang='lat' dir='ltr'>Hi</span> <span class='ocrx_word' id='word_1_8' title='bbox 694 356 1058 413; x_wconf 78' lang='lat' dir='ltr'><strong>magnopere</strong></span> <span class='ocrx_word' id='word_1_9' title='bbox 1087 340 1435 412; x_wconf 80' lang='lat' dir='ltr'><strong>suadebant,</strong></span> <span class='ocrx_word' id='word_1_10' title='bbox 1466 352 1530 400; x_wconf 86' lang='lat' dir='ltr'>ut</span> <span class='ocrx_word' id='word_1_11' title='bbox 1557 347 1716 400; x_wconf 89' lang='lat' dir='ltr'>retro</span> <span class='ocrx_word' id='word_1_12' title='bbox 1748 343 1957 412; x_wconf 88' lang='lat' dir='ltr'>abiret,</span> <span class='ocrx_word' id='word_1_13' title='bbox 1984 358 2134 413; x_wconf 84' lang='lat' dir='ltr'>spa·</span> <span class='ocrx_word' id='word_1_14' title='bbox 2192 344 2227 397; x_wconf 72' lang='lat'>2</span> 
     </span>
     <span class='ocr_line' id='line_1_3' title="bbox 212 430 2137 504; baseline 0.002 -21"><span class='ocrx_word' id='word_1_15' title='bbox 212 430 469 500; x_wconf 87' lang='lat' dir='ltr'>tiososque</span> <span class='ocrx_word' id='word_1_16' title='bbox 492 431 935 501; x_wconf 70' lang='lat' dir='ltr'>Mesopotamiae</span> <span class='ocrx_word' id='word_1_17' title='bbox 965 447 1208 502; x_wconf 88' lang='lat' dir='ltr'>campos</span> <span class='ocrx_word' id='word_1_18' title='bbox 1236 436 1536 504; x_wconf 79' lang='lat' dir='ltr'>repeteret</span> <span class='ocrx_word' id='word_1_19' title='bbox 1571 452 1585 488; x_wconf 76' lang='grc' dir='ltr'><strong><em>ε</em></strong></span> <span class='ocrx_word' id='word_1_20' title='bbox 1631 435 1684 489; x_wconf 91' lang='lat' dir='ltr'>si</span> <span class='ocrx_word' id='word_1_21' title='bbox 1717 434 1776 487; x_wconf 88' lang='lat' dir='ltr'>id</span> <span class='ocrx_word' id='word_1_22' title='bbox 1817 433 2137 488; x_wconf 88' lang='lat' dir='ltr'>consilium</span> 
     </span>
     <span class='ocr_line' id='line_1_4' title="bbox 210 519 2137 593; baseline 0.002 -22"><span class='ocrx_word' id='word_1_23' title='bbox 210 519 487 590; x_wconf 85' lang='lat' dir='ltr'>damnaret,</span> <span class='ocrx_word' id='word_1_24' title='bbox 528 524 587 576; x_wconf 88' lang='lat' dir='ltr'>at</span> <span class='ocrx_word' id='word_1_25' title='bbox 632 522 731 576; x_wconf 89' lang='lat' dir='ltr'>ille</span> <span class='ocrx_word' id='word_1_26' title='bbox 768 521 1059 577; x_wconf 83' lang='lat' dir='ltr'>divideret</span> <span class='ocrx_word' id='word_1_27' title='bbox 1104 522 1316 576; x_wconf 86' lang='lat' dir='ltr'>saltem</span> <span class='ocrx_word' id='word_1_28' title='bbox 1373 524 1579 593; x_wconf 88' lang='lat' dir='ltr'>copias</span> <span class='ocrx_word' id='word_1_29' title='bbox 1635 522 2137 589; x_wconf 77' lang='lat' dir='ltr'>innumerabileS,</span> 
     </span>
     <span class='ocr_line' id='line_1_5' title="bbox 204 609 2137 686; baseline 0.003 -25"><span class='ocrx_word' id='word_1_30' title='bbox 204 622 301 663; x_wconf 86' lang='lat' dir='ltr'>neu</span> <span class='ocrx_word' id='word_1_31' title='bbox 325 609 427 664; x_wconf 91' lang='lat' dir='ltr'>sub</span> <span class='ocrx_word' id='word_1_32' title='bbox 453 626 637 664; x_wconf 90' lang='lat' dir='ltr'>unum</span> <span class='ocrx_word' id='word_1_33' title='bbox 665 609 921 665; x_wconf 80' lang='lat' dir='ltr'>fortunae</span> <span class='ocrx_word' id='word_1_34' title='bbox 952 611 1133 665; x_wconf 85' lang='lat' dir='ltr'>ictum</span> <span class='ocrx_word' id='word_1_35' title='bbox 1163 613 1320 666; x_wconf 80' lang='lat' dir='ltr'>totas</span> <span class='ocrx_word' id='word_1_36' title='bbox 1348 612 1512 667; x_wconf 84' lang='lat' dir='ltr'>vires</span> <span class='ocrx_word' id='word_1_37' title='bbox 1550 613 1723 686; x_wconf 89' lang='lat' dir='ltr'>regni</span> <span class='ocrx_word' id='word_1_38' title='bbox 1754 612 1960 667; x_wconf 87' lang='lat' dir='ltr'>cadere</span> <span class='ocrx_word' id='word_1_39' title='bbox 1980 613 2137 680; x_wconf 88' lang='lat' dir='ltr'>pate·</span> 
     </span>
    </p>

    <p class='ocr_par' dir='ltr' id='par_1_3' title="bbox 148 698 450 754">
     <span class='ocr_line' id='line_1_6' title="bbox 148 698 450 754; baseline -0.003 0"><span class='ocrx_word' id='word_1_40' title='bbox 148 751 151 754; x_wconf 87' lang='lat'>.</span> <span class='ocrx_word' id='word_1_41' title='bbox 202 698 355 753; x_wconf 86' lang='lat' dir='ltr'>retur.</span> <span class='ocrx_word' id='word_1_42' title='bbox 444 723 450 731; x_wconf 92' lang='lat'><strong>·</strong></span> 
     </span>
    </p>

    <p class='ocr_par' dir='ltr' id='par_1_4' title="bbox 172 786 2230 1302">
     <span class='ocr_line' id='line_1_7' title="bbox 259 786 2230 861; baseline 0.003 -23"><span class='ocrx_word' id='word_1_43' title='bbox 259 786 436 842; x_wconf 86' lang='lat' dir='ltr'>Minus</span> <span class='ocrx_word' id='word_1_44' title='bbox 474 786 587 841; x_wconf 90' lang='lat' dir='ltr'>hoc</span> <span class='ocrx_word' id='word_1_45' title='bbox 632 786 755 859; x_wconf 88' lang='lat' dir='ltr'>regi</span> <span class='ocrx_word' id='word_1_46' title='bbox 798 803 970 858; x_wconf 88' lang='lat' dir='ltr'>quam</span> <span class='ocrx_word' id='word_1_47' title='bbox 1008 786 1394 858; x_wconf 83' lang='lat' dir='ltr'>purpuratis*</span> <span class='ocrx_word' id='word_1_48' title='bbox 1431 789 1565 861; x_wconf 85' lang='lat' dir='ltr'>ejus</span> <span class='ocrx_word' id='word_1_49' title='bbox 1593 788 1942 859; x_wconf 82' lang='lat' dir='ltr'>displicebat</span> <span class='ocrx_word' id='word_1_50' title='bbox 1973 802 1987 842; x_wconf 73' lang='grc' dir='ltr'>ε</span> <span class='ocrx_word' id='word_1_51' title='bbox 2034 804 2141 842; x_wconf 91' lang='lat' dir='ltr'>an-</span> <span class='ocrx_word' id='word_1_52' title='bbox 2194 790 2230 844; x_wconf 85' lang='lat'><strong>3</strong></span> 
     </span>
     <span class='ocr_line' id='line_1_8' title="bbox 172 865 2140 949; baseline 0.004 -24"><span class='ocrx_word' id='word_1_53' title='bbox 172 865 175 870; x_wconf 53' lang='lat'><strong>⁴</strong></span> <span class='ocrx_word' id='word_1_54' title='bbox 199 874 403 944; x_wconf 90' lang='lat' dir='ltr'>cipitem</span> <span class='ocrx_word' id='word_1_55' title='bbox 429 875 648 943; x_wconf 88' lang='lat' dir='ltr'>fidem¹,</span> <span class='ocrx_word' id='word_1_56' title='bbox 681 878 738 930; x_wconf 90' lang='lat' dir='ltr'>et</span> <span class='ocrx_word' id='word_1_57' title='bbox 775 875 1047 931; x_wconf 79' lang='lat' dir='ltr'>mercede</span> <span class='ocrx_word' id='word_1_58' title='bbox 1075 876 1345 932; x_wconf 85' lang='lat' dir='ltr'>venalem</span> <span class='ocrx_word' id='word_1_59' title='bbox 1372 877 1690 949; x_wconf 81' lang='lat' dir='ltr'>proditioni</span> <span class='ocrx_word' id='word_1_60' title='bbox 1720 878 2051 942; x_wconf 88' lang='lat' dir='ltr'>imminere,</span> <span class='ocrx_word' id='word_1_61' title='bbox 2082 879 2140 932; x_wconf 87' lang='lat' dir='ltr'>et</span> 
     </span>
     <span class='ocr_line' id='line_1_9' title="bbox 199 949 2139 1037; baseline 0.003 -24"><span class='ocrx_word' id='word_1_62' title='bbox 199 961 356 1018; x_wconf 86' lang='lat' dir='ltr'>dividi</span> <span class='ocrx_word' id='word_1_63' title='bbox 389 981 512 1019; x_wconf 89' lang='lat' dir='ltr'>non</span> <span class='ocrx_word' id='word_1_64' title='bbox 558 964 631 1019; x_wconf 95' lang='lat' dir='ltr'>ob</span> <span class='ocrx_word' id='word_1_65' title='bbox 671 965 829 1019; x_wconf 87' lang='lat' dir='ltr'>aliud</span> <span class='ocrx_word' id='word_1_66' title='bbox 868 949 1074 1035; x_wconf 85' lang='lat' dir='ltr'>copias</span> <span class='ocrx_word' id='word_1_67' title='bbox 1104 966 1305 1033; x_wconf 79' lang='lat' dir='ltr'>velle²,</span> <span class='ocrx_word' id='word_1_68' title='bbox 1340 982 1517 1037; x_wconf 89' lang='lat' dir='ltr'>quam</span> <span class='ocrx_word' id='word_1_69' title='bbox 1547 968 1610 1021; x_wconf 87' lang='lat' dir='ltr'>ut</span> <span class='ocrx_word' id='word_1_70' title='bbox 1640 966 1774 1037; x_wconf 87' lang='lat' dir='ltr'>ipsi,</span> <span class='ocrx_word' id='word_1_71' title='bbox 1806 966 1869 1019; x_wconf 93' lang='lat' dir='ltr'>in</span> <span class='ocrx_word' id='word_1_72' title='bbox 1899 966 2139 1020; x_wconf 87' lang='lat' dir='ltr'>diversa</span> 
     </span>
     <span class='ocr_line' id='line_1_10' title="bbox 196 1047 2135 1124; baseline 0.002 -20"><span class='ocrx_word' id='word_1_73' title='bbox 196 1047 442 1121; x_wconf 80' lang='lat' dir='ltr'>digressi,</span> <span class='ocrx_word' id='word_1_74' title='bbox 495 1053 549 1106; x_wconf 92' lang='lat' dir='ltr'>si</span> <span class='ocrx_word' id='word_1_75' title='bbox 586 1052 729 1124; x_wconf 91' lang='lat' dir='ltr'>quid</span> <span class='ocrx_word' id='word_1_76' title='bbox 774 1054 1157 1109; x_wconf 89' lang='lat' dir='ltr'>commissum</span> <span class='ocrx_word' id='word_1_77' title='bbox 1208 1058 1389 1121; x_wconf 83' lang='lat' dir='ltr'>esset,</span> <span class='ocrx_word' id='word_1_78' title='bbox 1423 1053 1722 1109; x_wconf 80' lang='lat' dir='ltr'>traderent</span> <span class='ocrx_word' id='word_1_79' title='bbox 1749 1053 2087 1108; x_wconf 85' lang='lat' dir='ltr'>Alexandro</span> <span class='ocrx_word' id='word_1_80' title='bbox 2119 1067 2135 1107; x_wconf 72' lang='grc' dir='ltr'><strong><em>ε</em></strong></span> 
     </span>
     <span class='ocr_line' id='line_1_11' title="bbox 197 1137 2140 1213; baseline 0.003 -24"><span class='ocrx_word' id='word_1_81' title='bbox 197 1137 317 1192; x_wconf 89' lang='lat' dir='ltr'>nihil</span> <span class='ocrx_word' id='word_1_82' title='bbox 343 1142 527 1195; x_wconf 82' lang='lat' dir='ltr'>tutius</span> <span class='ocrx_word' id='word_1_83' title='bbox 557 1140 706 1210; x_wconf 87' lang='lat' dir='ltr'>fore,</span> <span class='ocrx_word' id='word_1_84' title='bbox 738 1157 914 1213; x_wconf 86' lang='lat' dir='ltr'>quam</span> <span class='ocrx_word' id='word_1_85' title='bbox 943 1142 1342 1196; x_wconf 87' lang='lat' dir='ltr'>circumdatos</span> <span class='ocrx_word' id='word_1_86' title='bbox 1374 1157 1476 1196; x_wconf 91' lang='lat' dir='ltr'>eos</span> <span class='ocrx_word' id='word_1_87' title='bbox 1506 1143 1771 1197; x_wconf 83' lang='lat' dir='ltr'>exercitu</span> <span class='ocrx_word' id='word_1_88' title='bbox 1812 1145 1933 1197; x_wconf 86' lang='lat' dir='ltr'>toto</span> <span class='ocrx_word' id='word_1_89' title='bbox 1966 1140 2140 1196; x_wconf 87' lang='lat' dir='ltr'>obrui</span> 
     </span>
     <span class='ocr_line' id='line_1_12' title="bbox 193 1227 1790 1302; baseline 0.003 -22"><span class='ocrx_word' id='word_1_90' title='bbox 193 1227 372 1300; x_wconf 79' lang='lat' dir='ltr'>telis&#39;3</span> <span class='ocrx_word' id='word_1_91' title='bbox 404 1231 827 1285; x_wconf 72' lang='lat' dir='ltr'>documentum</span> <span class='ocrx_word' id='word_1_92' title='bbox 857 1247 979 1285; x_wconf 90' lang='lat' dir='ltr'>non</span> <span class='ocrx_word' id='word_1_93' title='bbox 1008 1232 1210 1285; x_wconf 81' lang='lat' dir='ltr'>inultae</span> <span class='ocrx_word' id='word_1_94' title='bbox 1240 1230 1505 1302; x_wconf 85' lang='lat' dir='ltr'>perfidiae</span> <span class='ocrx_word' id='word_1_95' title='bbox 1536 1231 1790 1286; x_wconf 87' lang='lat' dir='ltr'>futuros.</span> 
     </span>
    </p>

    <p class='ocr_par' dir='ltr' id='par_1_5' title="bbox 174 1317 2271 3169">
     <span class='ocr_line' id='line_1_13' title="bbox 249 1317 2230 1386; baseline 0.004 -16"><span class='ocrx_word' id='word_1_96' title='bbox 249 1317 316 1371; x_wconf 79' lang='lat' dir='ltr'>At</span> <span class='ocrx_word' id='word_1_97' title='bbox 333 1318 574 1385; x_wconf 79' lang='lat' dir='ltr'>DariuS,</span> <span class='ocrx_word' id='word_1_98' title='bbox 598 1321 660 1373; x_wconf 87' lang='lat' dir='ltr'>ut</span> <span class='ocrx_word' id='word_1_99' title='bbox 680 1323 808 1374; x_wconf 91' lang='lat' dir='ltr'>erat</span> <span class='ocrx_word' id='word_1_100' title='bbox 828 1322 1071 1374; x_wconf 88' lang='lat' dir='ltr'>sanctus</span> <span class='ocrx_word' id='word_1_101' title='bbox 1096 1336 1163 1374; x_wconf 87' lang='lat' dir='ltr'>ac</span> <span class='ocrx_word' id='word_1_102' title='bbox 1190 1320 1372 1386; x_wconf 81' lang='lat' dir='ltr'>mitis,</span> <span class='ocrx_word' id='word_1_103' title='bbox 1396 1334 1463 1374; x_wconf 88' lang='lat' dir='ltr'>se</span> <span class='ocrx_word' id='word_1_104' title='bbox 1488 1334 1634 1374; x_wconf 84' lang='lat' dir='ltr'>vero</span> <span class='ocrx_word' id='word_1_105' title='bbox 1663 1322 1890 1374; x_wconf 80' lang='lat' dir='ltr'>tantum</span> <span class='ocrx_word' id='word_1_106' title='bbox 1910 1319 2141 1375; x_wconf 88' lang='lat' dir='ltr'>facinus</span> <span class='ocrx_word' id='word_1_107' title='bbox 2198 1326 2230 1378; x_wconf 74' lang='lat'>4</span> 
     </span>
     <span class='ocr_line' id='line_1_14' title="bbox 191 1406 2140 1477; baseline 0.001 -18"><span class='ocrx_word' id='word_1_108' title='bbox 191 1411 346 1477; x_wconf 84' lang='lat' dir='ltr'>negat</span> <span class='ocrx_word' id='word_1_109' title='bbox 385 1422 529 1462; x_wconf 90' lang='lat' dir='ltr'>esse</span> <span class='ocrx_word' id='word_1_110' title='bbox 568 1406 878 1475; x_wconf 80' lang='lat' dir='ltr'>facturum,</span> <span class='ocrx_word' id='word_1_111' title='bbox 908 1411 972 1463; x_wconf 89' lang='lat' dir='ltr'>ut</span> <span class='ocrx_word' id='word_1_112' title='bbox 1016 1423 1184 1463; x_wconf 87' lang='lat' dir='ltr'>suam</span> <span class='ocrx_word' id='word_1_113' title='bbox 1226 1412 1466 1464; x_wconf 87' lang='lat' dir='ltr'>secutos</span> <span class='ocrx_word' id='word_1_114' title='bbox 1508 1408 1705 1477; x_wconf 84' lang='lat' dir='ltr'>fldem,</span> <span class='ocrx_word' id='word_1_115' title='bbox 1736 1422 1886 1462; x_wconf 84' lang='lat' dir='ltr'>suos</span> <span class='ocrx_word' id='word_1_116' title='bbox 1923 1408 2140 1462; x_wconf 87' lang='lat' dir='ltr'>milites</span> 
     </span>
     <span class='ocr_line' id='line_1_15' title="bbox 186 1492 2141 1566; baseline 0.002 -20"><span class='ocrx_word' id='word_1_117' title='bbox 186 1492 367 1561; x_wconf 77' lang='lat' dir='ltr'>jubeat</span> <span class='ocrx_word' id='word_1_118' title='bbox 393 1496 703 1550; x_wconf 88' lang='lat' dir='ltr'>trucidari.</span> <span class='ocrx_word' id='word_1_119' title='bbox 731 1496 913 1561; x_wconf 87' lang='lat' dir='ltr'>Quem</span> <span class='ocrx_word' id='word_1_120' title='bbox 943 1495 1155 1551; x_wconf 90' lang='lat' dir='ltr'>deinde</span> <span class='ocrx_word' id='word_1_121' title='bbox 1183 1497 1442 1566; x_wconf 82' lang='lat' dir='ltr'>amplius</span> <span class='ocrx_word' id='word_1_122' title='bbox 1472 1497 1775 1551; x_wconf 80' lang='lat' dir='ltr'>nationum</span> <span class='ocrx_word' id='word_1_123' title='bbox 1807 1500 2141 1551; x_wconf 81' lang='lat' dir='ltr'>exterarum</span> 
     </span>
     <span class='ocr_line' id='line_1_16' title="bbox 190 1582 2141 1657; baseline 0.002 -22"><span class='ocrx_word' id='word_1_124' title='bbox 190 1582 419 1639; x_wconf 84' lang='lat' dir='ltr'>salutem</span> <span class='ocrx_word' id='word_1_125' title='bbox 451 1600 627 1639; x_wconf 86' lang='lat' dir='ltr'>suam</span> <span class='ocrx_word' id='word_1_126' title='bbox 654 1586 1015 1640; x_wconf 87' lang='lat' dir='ltr'>crediturum</span> <span class='ocrx_word' id='word_1_127' title='bbox 1044 1585 1183 1652; x_wconf 83' lang='lat' dir='ltr'>sihi,</span> <span class='ocrx_word' id='word_1_128' title='bbox 1216 1586 1272 1640; x_wconf 92' lang='lat' dir='ltr'>si</span> <span class='ocrx_word' id='word_1_129' title='bbox 1310 1589 1392 1641; x_wconf 89' lang='lat' dir='ltr'>tot</span> <span class='ocrx_word' id='word_1_130' title='bbox 1419 1586 1670 1640; x_wconf 89' lang='lat' dir='ltr'>militum</span> <span class='ocrx_word' id='word_1_131' title='bbox 1698 1585 1987 1657; x_wconf 87' lang='lat' dir='ltr'>sanguine</span> <span class='ocrx_word' id='word_1_132' title='bbox 2026 1585 2141 1639; x_wconf 91' lang='lat' dir='ltr'>im-</span> 
     </span>
     <span class='ocr_line' id='line_1_17' title="bbox 189 1668 2234 1746; baseline 0.006 -24"><span class='ocrx_word' id='word_1_133' title='bbox 189 1668 397 1728; x_wconf 87' lang='lat' dir='ltr'>buisset-</span> <span class='ocrx_word' id='word_1_134' title='bbox 423 1675 686 1727; x_wconf 77' lang='lat' dir='ltr'>manus?</span> <span class='ocrx_word' id='word_1_135' title='bbox 726 1674 1036 1732; x_wconf 87' lang='lat' dir='ltr'>Neminem</span> <span class='ocrx_word' id='word_1_136' title='bbox 1066 1674 1348 1730; x_wconf 78' lang='lat' dir='ltr'>stolidum</span> <span class='ocrx_word' id='word_1_137' title='bbox 1390 1676 1705 1730; x_wconf 90' lang='lat' dir='ltr'>consilium</span> <span class='ocrx_word' id='word_1_138' title='bbox 1747 1669 1937 1746; x_wconf 81' lang='lat' dir='ltr'>capite</span> <span class='ocrx_word' id='word_1_139' title='bbox 1978 1675 2141 1729; x_wconf 90' lang='lat' dir='ltr'>luere</span> <span class='ocrx_word' id='word_1_140' title='bbox 2199 1680 2234 1734; x_wconf 85' lang='lat' dir='ltr'>G</span> 
     </span>
     <span class='ocr_line' id='line_1_18' title="bbox 189 1747 2142 1835; baseline 0.003 -24"><span class='ocrx_word' id='word_1_141' title='bbox 189 1756 384 1816; x_wconf 91' lang='lat' dir='ltr'>debere</span> <span class='ocrx_word' id='word_1_142' title='bbox 416 1779 430 1815; x_wconf 75' lang='grc' dir='ltr'>ε</span> <span class='ocrx_word' id='word_1_143' title='bbox 471 1759 776 1816; x_wconf 85' lang='lat' dir='ltr'>defuturos</span> <span class='ocrx_word' id='word_1_144' title='bbox 804 1763 986 1831; x_wconf 88' lang='lat' dir='ltr'>enim,</span> <span class='ocrx_word' id='word_1_145' title='bbox 1016 1763 1119 1832; x_wconf 90' lang='lat' dir='ltr'>qui</span> <span class='ocrx_word' id='word_1_146' title='bbox 1146 1747 1574 1835; x_wconf 52' lang='lat' dir='ltr'>suaderent,&#39;si</span> <span class='ocrx_word' id='word_1_147' title='bbox 1604 1763 1874 1819; x_wconf 82' lang='lat' dir='ltr'>suasisse</span> <span class='ocrx_word' id='word_1_148' title='bbox 1903 1763 2142 1832; x_wconf 86' lang='lat' dir='ltr'>pericu-</span> 
     </span>
     <span class='ocr_line' id='line_1_19' title="bbox 185 1846 2142 1924; baseline 0.002 -22"><span class='ocrx_word' id='word_1_149' title='bbox 185 1846 360 1905; x_wconf 86' lang='lat' dir='ltr'>losum</span> <span class='ocrx_word' id='word_1_150' title='bbox 390 1854 574 1907; x_wconf 84' lang='lat' dir='ltr'>esset.</span> <span class='ocrx_word' id='word_1_151' title='bbox 612 1852 878 1924; x_wconf 90' lang='lat' dir='ltr'>Denique</span> <span class='ocrx_word' id='word_1_152' title='bbox 910 1853 1077 1923; x_wconf 92' lang='lat' dir='ltr'>ipsos</span> <span class='ocrx_word' id='word_1_153' title='bbox 1095 1853 1117 1880; x_wconf 82' lang='lat'>⁸</span> <span class='ocrx_word' id='word_1_154' title='bbox 1143 1853 1357 1908; x_wconf 86' lang='lat' dir='ltr'>cotidie</span> <span class='ocrx_word' id='word_1_155' title='bbox 1384 1870 1418 1907; x_wconf 89' lang='lat' dir='ltr'>a</span> <span class='ocrx_word' id='word_1_156' title='bbox 1446 1869 1509 1910; x_wconf 83' lang='lat' dir='ltr'>se</span> <span class='ocrx_word' id='word_1_157' title='bbox 1540 1854 1822 1910; x_wconf 84' lang='lat' dir='ltr'>advocari</span> <span class='ocrx_word' id='word_1_158' title='bbox 1850 1854 1907 1908; x_wconf 89' lang='lat' dir='ltr'>in</span> <span class='ocrx_word' id='word_1_159' title='bbox 1944 1852 2142 1908; x_wconf 89' lang='lat' dir='ltr'>consi·</span> 
     </span>
     <span class='ocr_line' id='line_1_20' title="bbox 185 1935 2143 2012; baseline 0.002 -21"><span class='ocrx_word' id='word_1_160' title='bbox 185 1935 315 1993; x_wconf 87' lang='lat' dir='ltr'>lium</span> <span class='ocrx_word' id='word_1_161' title='bbox 341 1942 662 2012; x_wconf 80' lang='lat' dir='ltr'>variasque</span> <span class='ocrx_word' id='word_1_162' title='bbox 691 1943 1016 1998; x_wconf 87' lang='lat' dir='ltr'>sententias</span> <span class='ocrx_word' id='word_1_163' title='bbox 1059 1942 1276 2011; x_wconf 88' lang='lat' dir='ltr'>dicere,</span> <span class='ocrx_word' id='word_1_164' title='bbox 1307 1958 1417 1999; x_wconf 90' lang='lat' dir='ltr'>nec</span> <span class='ocrx_word' id='word_1_165' title='bbox 1461 1946 1655 2000; x_wconf 88' lang='lat' dir='ltr'>tamen</span> <span class='ocrx_word' id='word_1_166' title='bbox 1693 1943 1959 1998; x_wconf 88' lang='lat' dir='ltr'>melioris</span> <span class='ocrx_word' id='word_1_167' title='bbox 2005 1941 2143 1996; x_wconf 83' lang='lat' dir='ltr'>fidei</span> 
     </span>
     <span class='ocr_line' id='line_1_21' title="bbox 183 2026 2235 2101; baseline 0.002 -19"><span class='ocrx_word' id='word_1_168' title='bbox 183 2026 394 2099; x_wconf 87' lang='lat' dir='ltr'>haberi,</span> <span class='ocrx_word' id='word_1_169' title='bbox 444 2032 550 2101; x_wconf 89' lang='lat' dir='ltr'>qui</span> <span class='ocrx_word' id='word_1_170' title='bbox 592 2031 942 2101; x_wconf 89' lang='lat' dir='ltr'>prudentius</span> <span class='ocrx_word' id='word_1_171' title='bbox 991 2033 1266 2088; x_wconf 80' lang='lat' dir='ltr'>suaserit.</span> <span class='ocrx_word' id='word_1_172' title='bbox 1316 2032 1520 2101; x_wconf 90' lang='lat' dir='ltr'>ltaque</span> <span class='ocrx_word' id='word_1_173' title='bbox 1559 2031 1788 2087; x_wconf 81' lang='lat' dir='ltr'>Graecis</span> <span class='ocrx_word' id='word_1_174' title='bbox 1837 2030 2142 2085; x_wconf 76' lang='lat' dir='ltr'>nuntiare⁴</span> <span class='ocrx_word' id='word_1_175' title='bbox 2200 2034 2235 2087; x_wconf 82' lang='lat'>7</span> 
     </span>
     <span class='ocr_line' id='line_1_22' title="bbox 181 2114 2139 2190; baseline 0.002 -22"><span class='ocrx_word' id='word_1_176' title='bbox 181 2114 376 2186; x_wconf 83' lang='lat' dir='ltr'>jubet:</span> <span class='ocrx_word' id='word_1_177' title='bbox 410 2141 432 2167; x_wconf 76' lang='grc' dir='ltr'>α</span> <span class='ocrx_word' id='word_1_178' title='bbox 456 2119 692 2188; x_wconf 84' lang='lat' dir='ltr'>Ipsum⁸</span> <span class='ocrx_word' id='word_1_179' title='bbox 713 2120 949 2189; x_wconf 89' lang='lat' dir='ltr'>quidem</span> <span class='ocrx_word' id='word_1_180' title='bbox 970 2120 1406 2176; x_wconf 82' lang='lat' dir='ltr'>benevolentiae</span> <span class='ocrx_word' id='word_1_181' title='bbox 1427 2119 1664 2174; x_wconf 86' lang='lat' dir='ltr'>illorum</span> <span class='ocrx_word' id='word_1_182' title='bbox 1684 2119 1909 2190; x_wconf 80' lang='lat' dir='ltr'>gratias</span> <span class='ocrx_word' id='word_1_183' title='bbox 1931 2132 2139 2188; x_wconf 79' lang='lat' dir='ltr'>agerc;</span> 
     </span>
     <span class='ocr_line' id='line_1_23' title="bbox 179 2204 2144 2280; baseline 0.001 -23"><span class='ocrx_word' id='word_1_184' title='bbox 179 2208 449 2274; x_wconf 88' lang='lat' dir='ltr'>ceterum,</span> <span class='ocrx_word' id='word_1_185' title='bbox 504 2209 554 2261; x_wconf 91' lang='lat' dir='ltr'>si</span> <span class='ocrx_word' id='word_1_186' title='bbox 606 2212 768 2262; x_wconf 86' lang='lat' dir='ltr'>retro</span> <span class='ocrx_word' id='word_1_187' title='bbox 811 2209 900 2263; x_wconf 89' lang='lat' dir='ltr'>ire</span> <span class='ocrx_word' id='word_1_188' title='bbox 948 2211 1173 2280; x_wconf 84' lang='lat' dir='ltr'>pergat,</span> <span class='ocrx_word' id='word_1_189' title='bbox 1207 2208 1321 2263; x_wconf 86' lang='lat' dir='ltr'>aud</span> <span class='ocrx_word' id='word_1_190' title='bbox 1362 2208 1539 2267; x_wconf 79' lang='lat' dir='ltr'>dubie</span> <span class='ocrx_word' id='word_1_191' title='bbox 1586 2221 1836 2278; x_wconf 83' lang='lat' dir='ltr'>regnum</span> <span class='ocrx_word' id='word_1_192' title='bbox 1872 2204 2144 2259; x_wconf 87' lang='lat' dir='ltr'>hostibus</span> 
     </span>
     <span class='ocr_line' id='line_1_24' title="bbox 183 2292 2144 2368; baseline 0.002 -22"><span class='ocrx_word' id='word_1_193' title='bbox 183 2294 545 2353; x_wconf 88' lang='lat' dir='ltr'>traditurum.</span> <span class='ocrx_word' id='word_1_194' title='bbox 578 2296 754 2351; x_wconf 88' lang='lat' dir='ltr'>Fama</span> <span class='ocrx_word' id='word_1_195' title='bbox 794 2296 948 2351; x_wconf 90' lang='lat' dir='ltr'>bella</span> <span class='ocrx_word' id='word_1_196' title='bbox 995 2300 1173 2364; x_wconf 86' lang='lat' dir='ltr'>stare,</span> <span class='ocrx_word' id='word_1_197' title='bbox 1216 2300 1272 2351; x_wconf 87' lang='lat' dir='ltr'>et</span> <span class='ocrx_word' id='word_1_198' title='bbox 1311 2313 1466 2365; x_wconf 91' lang='lat' dir='ltr'>eum,</span> <span class='ocrx_word' id='word_1_199' title='bbox 1498 2296 1601 2368; x_wconf 88' lang='lat' dir='ltr'>qui</span> <span class='ocrx_word' id='word_1_200' title='bbox 1648 2295 1905 2364; x_wconf 82' lang='lat' dir='ltr'>recedat,</span> <span class='ocrx_word' id='word_1_201' title='bbox 1936 2292 2144 2363; x_wconf 78' lang='lat' dir='ltr'>fugere</span> 
     </span>
     <span class='ocr_line' id='line_1_25' title="bbox 183 2383 2235 2444; baseline 0.001 -9"><span class='ocrx_word' id='word_1_202' title='bbox 183 2384 351 2440; x_wconf 87' lang='lat' dir='ltr'>credi.</span> <span class='ocrx_word' id='word_1_203' title='bbox 384 2385 685 2440; x_wconf 87' lang='lat' dir='ltr'>Trahendi</span> <span class='ocrx_word' id='word_1_204' title='bbox 712 2401 856 2440; x_wconf 86' lang='lat' dir='ltr'>vero</span> <span class='ocrx_word' id='word_1_205' title='bbox 887 2385 1030 2440; x_wconf 91' lang='lat' dir='ltr'>belli</span> <span class='ocrx_word' id='word_1_206' title='bbox 1057 2386 1160 2440; x_wconf 85' lang='lat' dir='ltr'>vix</span> <span class='ocrx_word' id='word_1_207' title='bbox 1198 2385 1375 2440; x_wconf 87' lang='lat' dir='ltr'>ullam</span> <span class='ocrx_word' id='word_1_208' title='bbox 1417 2401 1552 2441; x_wconf 91' lang='lat' dir='ltr'>esse</span> <span class='ocrx_word' id='word_1_209' title='bbox 1589 2384 1897 2439; x_wconf 87' lang='lat' dir='ltr'>rationem.</span> <span class='ocrx_word' id='word_1_210' title='bbox 1941 2383 2142 2437; x_wconf 88' lang='lat' dir='ltr'>Tantae</span> <span class='ocrx_word' id='word_1_211' title='bbox 2200 2392 2235 2444; x_wconf 89' lang='lat'>8</span> 
     </span>
     <span class='ocr_line' id='line_1_26' title="bbox 184 2472 2142 2545; baseline 0.003 -22"><span class='ocrx_word' id='word_1_212' title='bbox 184 2473 329 2526; x_wconf 90' lang='lat' dir='ltr'>enim</span> <span class='ocrx_word' id='word_1_213' title='bbox 375 2474 759 2542; x_wconf 81' lang='lat' dir='ltr'>multitudini,</span> <span class='ocrx_word' id='word_1_214' title='bbox 808 2475 1008 2544; x_wconf 88' lang='lat' dir='ltr'>utique</span> <span class='ocrx_word' id='word_1_215' title='bbox 1047 2490 1182 2529; x_wconf 86' lang='lat' dir='ltr'>cum</span> <span class='ocrx_word' id='word_1_216' title='bbox 1220 2475 1352 2545; x_wconf 79' lang='lat' dir='ltr'>jam</span> <span class='ocrx_word' id='word_1_217' title='bbox 1398 2474 1589 2530; x_wconf 88' lang='lat' dir='ltr'>hiems</span> <span class='ocrx_word' id='word_1_218' title='bbox 1629 2474 1898 2540; x_wconf 87' lang='lat' dir='ltr'>instaret,</span> <span class='ocrx_word' id='word_1_219' title='bbox 1937 2472 2002 2527; x_wconf 88' lang='lat' dir='ltr'>in</span> <span class='ocrx_word' id='word_1_220' title='bbox 2044 2488 2142 2528; x_wconf 84' lang='lat' dir='ltr'>re-</span> 
     </span>
     <span class='ocr_line' id='line_1_27' title="bbox 181 2559 2142 2634; baseline -0.001 -18"><span class='ocrx_word' id='word_1_221' title='bbox 181 2559 345 2631; x_wconf 82' lang='lat' dir='ltr'>gione</span> <span class='ocrx_word' id='word_1_222' title='bbox 375 2566 545 2618; x_wconf 86' lang='lat' dir='ltr'>vasta</span> <span class='ocrx_word' id='word_1_223' title='bbox 575 2566 633 2618; x_wconf 84' lang='lat' dir='ltr'>et</span> <span class='ocrx_word' id='word_1_224' title='bbox 669 2564 923 2619; x_wconf 86' lang='lat' dir='ltr'>invicem</span> <span class='ocrx_word' id='word_1_225' title='bbox 957 2578 991 2617; x_wconf 83' lang='lat' dir='ltr'>a</span> <span class='ocrx_word' id='word_1_226' title='bbox 1035 2565 1167 2618; x_wconf 88' lang='lat' dir='ltr'>suis</span> <span class='ocrx_word' id='word_1_227' title='bbox 1204 2568 1380 2634; x_wconf 86' lang='lat' dir='ltr'>atque</span> <span class='ocrx_word' id='word_1_228' title='bbox 1408 2563 1577 2619; x_wconf 88' lang='lat' dir='ltr'>hoste</span> <span class='ocrx_word' id='word_1_229' title='bbox 1606 2564 1841 2627; x_wconf 77' lang='lat' dir='ltr'>vexata,</span> <span class='ocrx_word' id='word_1_230' title='bbox 1873 2578 1988 2621; x_wconf 88' lang='lat' dir='ltr'>non</span> <span class='ocrx_word' id='word_1_231' title='bbox 2019 2561 2142 2616; x_wconf 83' lang='lat' dir='ltr'>suf-</span> 
     </span>
     <span class='ocr_line' id='line_1_28' title="bbox 182 2647 2236 2722; baseline 0.005 -21"><span class='ocrx_word' id='word_1_232' title='bbox 182 2647 391 2706; x_wconf 85' lang='lat' dir='ltr'>fectura</span> <span class='ocrx_word' id='word_1_233' title='bbox 440 2652 742 2707; x_wconf 87' lang='lat' dir='ltr'>alimenta.</span> <span class='ocrx_word' id='word_1_234' title='bbox 786 2654 875 2708; x_wconf 88' lang='lat' dir='ltr'>Nc</span> <span class='ocrx_word' id='word_1_235' title='bbox 923 2653 1108 2708; x_wconf 88' lang='lat' dir='ltr'>dividi</span> <span class='ocrx_word' id='word_1_236' title='bbox 1151 2653 1390 2722; x_wconf 90' lang='lat' dir='ltr'>quidem</span> <span class='ocrx_word' id='word_1_237' title='bbox 1436 2652 1637 2722; x_wconf 90' lang='lat' dir='ltr'>copias</span> <span class='ocrx_word' id='word_1_238' title='bbox 1677 2666 1860 2721; x_wconf 91' lang='lat' dir='ltr'>posse</span> <span class='ocrx_word' id='word_1_239' title='bbox 1908 2654 2141 2706; x_wconf 84' lang='lat' dir='ltr'>servato</span> <span class='ocrx_word' id='word_1_240' title='bbox 2201 2657 2236 2711; x_wconf 88' lang='grc'>9</span> 
     </span>
     <span class='ocr_line' id='line_1_29' title="bbox 183 2738 2143 2813; baseline 0.001 -23"><span class='ocrx_word' id='word_1_241' title='bbox 183 2749 332 2793; x_wconf 85' lang='lat' dir='ltr'>more</span> <span class='ocrx_word' id='word_1_242' title='bbox 379 2740 704 2811; x_wconf 82' lang='lat' dir='ltr'>majorum,</span> <span class='ocrx_word' id='word_1_243' title='bbox 746 2742 848 2813; x_wconf 88' lang='lat' dir='ltr'>qui</span> <span class='ocrx_word' id='word_1_244' title='bbox 896 2740 1210 2797; x_wconf 87' lang='lat' dir='ltr'>universas</span> <span class='ocrx_word' id='word_1_245' title='bbox 1259 2742 1421 2796; x_wconf 84' lang='lat' dir='ltr'>vires</span> <span class='ocrx_word' id='word_1_246' title='bbox 1470 2739 1805 2795; x_wconf 89' lang='lat' dir='ltr'>discrimini</span> <span class='ocrx_word' id='word_1_247' title='bbox 1851 2738 2143 2794; x_wconf 90' lang='lat' dir='ltr'>bellorum</span> 
     </span>
     <span class='ocr_line' id='line_1_30' title="bbox 186 2827 2271 2900; baseline 0.003 -24"><span class='ocrx_word' id='word_1_248' title='bbox 186 2838 409 2899; x_wconf 88' lang='lat' dir='ltr'>semper</span> <span class='ocrx_word' id='word_1_249' title='bbox 453 2827 787 2887; x_wconf 88' lang='lat' dir='ltr'>obtulerint.</span> <span class='ocrx_word' id='word_1_250' title='bbox 822 2829 914 2898; x_wconf 84' lang='lat' dir='ltr'>Et,</span> <span class='ocrx_word' id='word_1_251' title='bbox 949 2830 1211 2896; x_wconf 83' lang='lat' dir='ltr'>hercule,</span> <span class='ocrx_word' id='word_1_252' title='bbox 1241 2829 1567 2884; x_wconf 84' lang='lat' dir='ltr'>terribilem</span> <span class='ocrx_word' id='word_1_253' title='bbox 1615 2836 1788 2885; x_wconf 81' lang='lat' dir='ltr'>antea</span> <span class='ocrx_word' id='word_1_254' title='bbox 1833 2843 2039 2900; x_wconf 86' lang='lat' dir='ltr'>regem</span> <span class='ocrx_word' id='word_1_255' title='bbox 2086 2830 2170 2883; x_wconf 85' lang='lat' dir='ltr'>et·</span> <span class='ocrx_word' id='word_1_256' title='bbox 2202 2834 2271 2888; x_wconf 87' lang='lat'>10</span> 
     </span>
     <span class='ocr_line' id='line_1_31' title="bbox 178 2904 2208 2991; baseline 0.001 -23"><span class='ocrx_word' id='word_1_257' title='bbox 178 2913 442 2972; x_wconf 81' lang='lat' dir='ltr'>absentia</span> <span class='ocrx_word' id='word_1_258' title='bbox 479 2919 618 2972; x_wconf 82' lang='lat' dir='ltr'>sua⁸</span> <span class='ocrx_word' id='word_1_259' title='bbox 655 2919 730 2973; x_wconf 91' lang='lat' dir='ltr'>ad</span> <span class='ocrx_word' id='word_1_260' title='bbox 760 2904 972 2973; x_wconf 52' lang='lat' dir='ltr'>ranam</span> <span class='ocrx_word' id='word_1_261' title='bbox 999 2918 1275 2973; x_wconf 83' lang='lat' dir='ltr'>fiduciam</span> <span class='ocrx_word' id='word_1_262' title='bbox 1311 2917 1548 2985; x_wconf 71' lang='lat' dir='ltr'>elatum,</span> <span class='ocrx_word' id='word_1_263' title='bbox 1580 2923 1893 2989; x_wconf 83' lang='lat' dir='ltr'>postquam</span> <span class='ocrx_word' id='word_1_264' title='bbox 1923 2917 2146 2985; x_wconf 64' lang='lat' dir='ltr'>adven-2</span> <span class='ocrx_word' id='word_1_265' title='bbox 2195 2978 2208 2991; x_wconf 55' lang='grc'><strong>,</strong></span> 
     </span>
     <span class='ocr_line' id='line_1_32' title="bbox 177 3006 2152 3085; baseline 0.003 -30"><span class='ocrx_word' id='word_1_266' title='bbox 177 3006 296 3060; x_wconf 83' lang='lat' dir='ltr'>tare</span> <span class='ocrx_word' id='word_1_267' title='bbox 343 3022 411 3060; x_wconf 91' lang='lat' dir='ltr'>se</span> <span class='ocrx_word' id='word_1_268' title='bbox 454 3008 736 3073; x_wconf 84' lang='lat' dir='ltr'>senserit,</span> <span class='ocrx_word' id='word_1_269' title='bbox 773 3010 1006 3062; x_wconf 93' lang='lat' dir='ltr'>cautum</span> <span class='ocrx_word' id='word_1_270' title='bbox 1047 3023 1156 3085; x_wconf 78' lang='lat' dir='ltr'>pro</span> <span class='ocrx_word' id='word_1_271' title='bbox 1190 3007 1505 3062; x_wconf 89' lang='lat' dir='ltr'>temerario</span> <span class='ocrx_word' id='word_1_272' title='bbox 1551 3006 1789 3074; x_wconf 89' lang='lat' dir='ltr'>factum,</span> <span class='ocrx_word' id='word_1_273' title='bbox 1823 3006 2152 3073; x_wconf 78' lang='lat' dir='ltr'>delituisse.</span> 
     </span>
     <span class='ocr_line' id='line_1_33' title="bbox 174 3088 2147 3169; baseline 0.001 -20"><span class='ocrx_word' id='word_1_274' title='bbox 174 3088 326 3149; x_wconf 78' lang='lat' dir='ltr'>inter</span> <span class='ocrx_word' id='word_1_275' title='bbox 351 3095 669 3167; x_wconf 83' lang='lat' dir='ltr'>angustias</span> <span class='ocrx_word' id='word_1_276' title='bbox 706 3097 916 3164; x_wconf 89' lang='lat' dir='ltr'>saltus,</span> <span class='ocrx_word' id='word_1_277' title='bbox 948 3097 1066 3151; x_wconf 88' lang='lat' dir='ltr'>ritu</span> <span class='ocrx_word' id='word_1_278' title='bbox 1098 3096 1454 3169; x_wconf 85' lang='lat' dir='ltr'>ignobilium</span> <span class='ocrx_word' id='word_1_279' title='bbox 1481 3097 1762 3162; x_wconf 80' lang='lat' dir='ltr'>ferarum,</span> <span class='ocrx_word' id='word_1_280' title='bbox 1808 3111 1957 3167; x_wconf 81' lang='lat' dir='ltr'>quae,</span> <span class='ocrx_word' id='word_1_281' title='bbox 1991 3099 2147 3150; x_wconf 88' lang='lat' dir='ltr'>stre-</span> 
     </span>
    </p>
   </div>
   <div class='ocr_carea' id='block_1_3' title="bbox 2198 1504 2232 1555">
    <p class='ocr_par' dir='ltr' id='par_1_6' title="bbox 2198 1504 2232 1555">
     <span class='ocr_line' id='line_1_34' title="bbox 2198 1504 2232 1555; textangle 90"><span class='ocrx_word' id='word_1_282' title='bbox 2198 1504 2232 1555; x_wconf 63' lang='grc' dir='ltr'>ΕΠ</span> 
     </span>
    </p>
   </div>
   <div class='ocr_carea' id='block_1_4' title="bbox 216 3253 2085 3623">
    <p class='ocr_par' dir='ltr' id='par_1_7' title="bbox 216 3253 2085 3372">
     <span class='ocr_line' id='line_1_35' title="bbox 223 3253 2085 3311; baseline 0.001 -15"><span class='ocrx_word' id='word_1_283' title='bbox 223 3257 335 3300; x_wconf 82' lang='lat' dir='ltr'>vul.</span> <span class='ocrx_word' id='word_1_284' title='bbox 373 3276 431 3286; x_wconf 89' lang='lat'>—</span> <span class='ocrx_word' id='word_1_285' title='bbox 456 3259 499 3300; x_wconf 73' lang='lat'>1.</span> <span class='ocrx_word' id='word_1_286' title='bbox 524 3254 771 3308; x_wconf 72' lang='lat' dir='ltr'>Ancipitem</span> <span class='ocrx_word' id='word_1_287' title='bbox 794 3254 921 3308; x_wconf 75' lang='lat' dir='ltr'>fldem</span> <span class='ocrx_word' id='word_1_288' title='bbox 948 3253 1127 3308; x_wconf 76' lang='lat' dir='ltr'>depend</span> <span class='ocrx_word' id='word_1_289' title='bbox 1146 3253 1204 3297; x_wconf 89' lang='lat' dir='ltr'>de</span> <span class='ocrx_word' id='word_1_290' title='bbox 1228 3253 1471 3311; x_wconf 61' lang='lat' dir='ltr'>pur-aurati</span> <span class='ocrx_word' id='word_1_291' title='bbox 1490 3253 1692 3298; x_wconf 66' lang='lat' dir='ltr'>dicebant</span> <span class='ocrx_word' id='word_1_292' title='bbox 1713 3254 2085 3300; x_wconf 85' lang='lat' dir='ltr'>sous-entendu.</span> 
     </span>
     <span class='ocr_line' id='line_1_36' title="bbox 216 3312 1542 3372; baseline -0.001 -11"><span class='ocrx_word' id='word_1_293' title='bbox 216 3321 266 3361; x_wconf 81' lang='lat'>2.</span> <span class='ocrx_word' id='word_1_294' title='bbox 310 3317 460 3363; x_wconf 75' lang='lat' dir='ltr'>Velle.</span> <span class='ocrx_word' id='word_1_295' title='bbox 489 3317 731 3372; x_wconf 72' lang='lat' dir='ltr'>Pur-parati</span> <span class='ocrx_word' id='word_1_296' title='bbox 750 3317 946 3361; x_wconf 77' lang='lat' dir='ltr'>dicebant</span> <span class='ocrx_word' id='word_1_297' title='bbox 970 3312 1142 3361; x_wconf 66' lang='lat' dir='ltr'>Graecoa</span> <span class='ocrx_word' id='word_1_298' title='bbox 1161 3316 1331 3360; x_wconf 71' lang='lat' dir='ltr'>milites</span> <span class='ocrx_word' id='word_1_299' title='bbox 1349 3316 1485 3361; x_wconf 79' lang='lat' dir='ltr'>velle.</span> <span class='ocrx_word' id='word_1_300' title='bbox 1500 3344 1542 3367; x_wconf 84' lang='lat'>..</span> 
     </span>
    </p>

    <p class='ocr_par' dir='ltr' id='par_1_8' title="bbox 221 3378 1054 3434">
     <span class='ocr_line' id='line_1_37' title="bbox 221 3378 1054 3434; baseline -0.001 -11"><span class='ocrx_word' id='word_1_301' title='bbox 221 3383 265 3423; x_wconf 71' lang='lat'>3.</span> <span class='ocrx_word' id='word_1_302' title='bbox 300 3379 446 3434; x_wconf 72' lang='lat' dir='ltr'>Ipsos,</span> <span class='ocrx_word' id='word_1_303' title='bbox 466 3378 756 3424; x_wconf 52' lang='lat' dir='ltr'>&amp;est-adire</span> <span class='ocrx_word' id='word_1_304' title='bbox 774 3383 1054 3434; x_wconf 70' lang='lat' dir='ltr'>purpuratos.</span> 
     </span>
    </p>

    <p class='ocr_par' dir='ltr' id='par_1_9' title="bbox 221 3440 2062 3559">
     <span class='ocr_line' id='line_1_38' title="bbox 224 3440 2062 3497; baseline 0.001 -12"><span class='ocrx_word' id='word_1_305' title='bbox 224 3446 269 3486; x_wconf 72' lang='lat'>4.</span> <span class='ocrx_word' id='word_1_306' title='bbox 304 3442 540 3486; x_wconf 66' lang='lat' dir='ltr'>Nuntiat-e.</span> <span class='ocrx_word' id='word_1_307' title='bbox 570 3446 653 3487; x_wconf 86' lang='lat' dir='ltr'>cet</span> <span class='ocrx_word' id='word_1_308' title='bbox 672 3441 786 3486; x_wconf 77' lang='lat' dir='ltr'>actis</span> <span class='ocrx_word' id='word_1_309' title='bbox 802 3443 918 3485; x_wconf 84' lang='lat' dir='ltr'>n&#39;est</span> <span class='ocrx_word' id='word_1_310' title='bbox 940 3453 1025 3497; x_wconf 81' lang='lat' dir='ltr'>pas</span> <span class='ocrx_word' id='word_1_311' title='bbox 1041 3441 1088 3485; x_wconf 84' lang='lat' dir='ltr'>la</span> <span class='ocrx_word' id='word_1_312' title='bbox 1101 3446 1323 3489; x_wconf 81' lang='lat' dir='ltr'>tournurc</span> <span class='ocrx_word' id='word_1_313' title='bbox 1351 3440 1607 3488; x_wconf 84' lang='lat' dir='ltr'>habituelle</span> <span class='ocrx_word' id='word_1_314' title='bbox 1636 3454 1648 3485; x_wconf 74' lang='lat' dir='ltr'><strong><em>z</em></strong></span> <span class='ocrx_word' id='word_1_315' title='bbox 1679 3442 1796 3485; x_wconf 84' lang='lat' dir='ltr'>c&#39;est</span> <span class='ocrx_word' id='word_1_316' title='bbox 1818 3443 1862 3485; x_wconf 82' lang='lat' dir='ltr'>le</span> <span class='ocrx_word' id='word_1_317' title='bbox 1891 3441 2062 3496; x_wconf 71' lang='lat' dir='ltr'>passis.</span> 
     </span>
     <span class='ocr_line' id='line_1_39' title="bbox 221 3504 1492 3559; baseline -0.002 -10"><span class='ocrx_word' id='word_1_318' title='bbox 221 3508 271 3549; x_wconf 73' lang='lat'>5.</span> <span class='ocrx_word' id='word_1_319' title='bbox 301 3505 475 3559; x_wconf 68' lang='lat' dir='ltr'>Ipsum.</span> <span class='ocrx_word' id='word_1_320' title='bbox 506 3505 578 3552; x_wconf 79' lang='lat' dir='ltr'>Cf.</span> <span class='ocrx_word' id='word_1_321' title='bbox 603 3508 676 3555; x_wconf 77' lang='grc' dir='ltr'>ΙΙΙ,</span> <span class='ocrx_word' id='word_1_322' title='bbox 694 3516 725 3554; x_wconf 87' lang='grc' dir='ltr'>ι,</span> <span class='ocrx_word' id='word_1_323' title='bbox 745 3509 853 3547; x_wconf 87' lang='lat' dir='ltr'>note</span> <span class='ocrx_word' id='word_1_324' title='bbox 879 3504 952 3548; x_wconf 75' lang='lat'>12.</span> <span class='ocrx_word' id='word_1_325' title='bbox 1102 3518 1106 3522; x_wconf 24' lang='grc' dir='ltr'><strong>Α</strong></span> <span class='ocrx_word' id='word_1_326' title='bbox 1485 3532 1492 3539; x_wconf 88' lang='grc'>-</span> 
     </span>
    </p>

    <p class='ocr_par' dir='ltr' id='par_1_10' title="bbox 223 3566 1158 3623">
     <span class='ocr_line' id='line_1_40' title="bbox 223 3566 1158 3623; baseline 0.003 -12"><span class='ocrx_word' id='word_1_327' title='bbox 223 3570 269 3611; x_wconf 77' lang='grc'>6.</span> <span class='ocrx_word' id='word_1_328' title='bbox 305 3566 401 3610; x_wconf 82' lang='lat' dir='ltr'>Sua</span> <span class='ocrx_word' id='word_1_329' title='bbox 421 3578 470 3611; x_wconf 84' lang='lat' dir='ltr'>se</span> <span class='ocrx_word' id='word_1_330' title='bbox 498 3572 709 3623; x_wconf 83' lang='lat' dir='ltr'>rapportc</span> <span class='ocrx_word' id='word_1_331' title='bbox 729 3567 757 3611; x_wconf 75' lang='grc' dir='ltr'><strong>ὲ</strong></span> <span class='ocrx_word' id='word_1_332' title='bbox 777 3566 895 3611; x_wconf 88' lang='lat' dir='ltr'>celui</span> <span class='ocrx_word' id='word_1_333' title='bbox 914 3566 995 3623; x_wconf 85' lang='lat' dir='ltr'>qui</span> <span class='ocrx_word' id='word_1_334' title='bbox 1013 3566 1158 3623; x_wconf 78' lang='lat' dir='ltr'>pai-le.</span> 
     </span>
    </p>
   </div>
  </div>
 </body>
</html>
