2517 3975
295 619 364 673 24

293 794 365 851 25

290 1055 361 1110 26

288 1336 358 1390 27

285 1514 357 1569 28

283 2050 355 2105 29

426 227 531 281 208
1189 247 1241 291 Q.
1284 245 1455 284 cun-m
1493 245 1630 284 nur-1

428 376 450 400 οι
468 353 636 407 Hunc
652 353 838 423 igitur
855 370 1056 425 regem
1082 355 1490 425 agnoscimus,
1514 353 1724 424 inquit,
1744 355 1843 425 qui
1865 355 2209 427 Philippum
2224 355 2340 411 dedi-

422 443 642 513 gnatur
669 445 942 512 patrem?
972 446 1162 498 actum
1202 445 1295 497 est
1331 444 1402 497 de
1440 443 1633 511 nobiS,
1678 445 1733 498 si
1759 445 1873 498 ista
1900 447 2134 517 perpeti
2165 461 2342 516 possu-

419 548 578 588 mne.
635 530 770 585 Non
816 532 1082 587 homines
1129 533 1353 598 solum,
1410 533 1517 585 sed
1564 533 1737 586 etiam
1784 533 1926 587 deos
1964 533 2236 604 despicit,
2277 532 2344 604 qui

416 620 681 691 postulat
724 620 870 674 deus
908 621 1068 675 credi
1087 621 1148 675 ²¹⁵.
1208 620 1537 674 Amisimus
1584 621 2009 690 Alexandrum,
2073 624 2343 677 amisimus

415 725 622 782 regem
655 729 667 764 :
701 710 1018 765 incidimus
1065 713 1128 764 in
1176 709 1542 779 superbiam,
1591 726 1700 766 nec
1729 711 1844 776 dis,
1876 712 2095 783 quibus
2126 728 2194 767 se
2222 728 2343 767 exae-

417 803 575 871 quat,
607 814 717 854 nec
760 798 1124 866 hominibuS,
1171 798 1387 869 quibus
1435 814 1500 852 se
1548 800 1768 865 eximit,
1799 799 2193 856 tolerabilem.
2229 801 2344 855 Nos-

414 891 587 943 trone
617 888 910 959 sanguine
940 887 1114 941 deum
1140 887 1412 955 fecimus,
1445 887 1547 958 qui
1577 903 1688 942 nos
1707 888 2017 943 fastidiat?
2046 890 2149 961 qui
2175 904 2345 962 grave-

415 979 514 1030 tur
540 977 876 1031 mortalium
901 975 1064 1030 adire
1091 975 1443 1030 concilium?
1472 975 1706 1035 Credite
1745 976 1913 1047 mihi,
1940 980 1996 1031 et
2026 994 2156 1043 nos,
2187 979 2238 1032 si
2266 976 2345 1030 viri

413 1079 644 1134 sumus,
664 1082 698 1120 a
720 1066 813 1119 dis
833 1065 1268 1135 adoptabimur.
1285 1065 1431 1129 Quis
1451 1079 1743 1135 proavum
1762 1065 1861 1137 huj
1870 1082 1943 1120 us
1961 1065 2344 1129 Archelaum”,

414 1154 551 1225 quis
594 1153 804 1209 deinde
841 1154 1243 1209 Alexandrum
1261 1155 1322 1222 '⁷,
1363 1155 1497 1224 quis
1526 1154 1869 1210 Perdiccam
1888 1155 1928 1182 '⁸
1959 1156 2193 1211 occisos
2221 1155 2347 1210 ultus

412 1242 547 1296 est‘?
577 1241 719 1296 hic²⁹
747 1243 984 1313 quidem
1012 1242 1494 1297 interfectoribus
1522 1242 1711 1312 patris
1741 1242 2046 1314 ignovit⁸⁰.
2068 1261 2095 1296 ι

485 1347 627 1401 Haec
669 1347 1049 1419 Hegelochus
1088 1348 1236 1402 dixit
1283 1363 1465 1418 super
1511 1364 1716 1402 cenam
1734 1347 1774 1375 ⁸¹
1808 1363 1822 1402 :
1857 1351 1933 1413 et,
1979 1352 2220 1418 postero
2258 1349 2348 1411 die,

409 1435 602 1508 prima
631 1435 781 1502 lucc,
813 1451 848 1491 a
875 1442 1040 1506 patre
1061 1452 1363 1490 accersor.
1387 1436 1611 1489 'Pristis
1643 1440 1771 1489 erat
1801 1439 1859 1489 et
1885 1452 1976 1490 me
2000 1441 2261 1492 maestum
2284 1435 2351 1488 vi-

411 1525 603 1579 debat.
636 1525 1031 1580 Audieramus
1060 1526 1220 1579 enim
1248 1540 1380 1595 quae
1412 1523 1870 1579 sollicitudinem
1891 1525 2240 1580 incuterent.
2258 1525 2350 1578 Ita-

409 1629 522 1684 que
568 1617 633 1668 ut
678 1614 1083 1684 experiremur
1138 1617 1412 1667 utrumne
1431 1613 1472 1640 ⁸'
1527 1616 1670 1668 vino
1730 1617 2015 1682 gravatus
2065 1613 2349 1669 effudisset

408 1703 510 1758 illa
526 1703 588 1773 ⁸⁸,
638 1718 710 1758 an
752 1703 962 1758 altiore
1017 1706 1298 1772 concepta
1347 1701 1623 1770 consilio,
1672 1702 1898 1757 accersi
1944 1718 2082 1758 eum
2125 1702 2342 1774 placuit.

409 1792 602 1859 Venit,
653 1790 976 1862 eodemque
1018 1805 1294 1846 sermone
1339 1792 1494 1844 ultro
1536 1791 1811 1859 repetito,
1858 1789 2074 1860 adjecit
2121 1808 2206 1861 se,
2243 1790 2349 1844 sive

409 1881 760 1935 auderemus
788 1881 972 1935 duces
1001 1895 1156 1945 esse,
1189 1880 1490 1949 proximas
1522 1894 1555 1932 a
1584 1878 1758 1933 nobis
1776 1878 1819 1906 ⁸⁴
1861 1883 2065 1948 partes
2107 1880 2348 1933 vindica·

406 1974 624 2036 turum,
658 1970 789 2024 sive
831 1969 1067 2025 deesset
1113 1971 1370 2037 animuS,
1410 1967 1727 2023 consilium
1754 1968 1992 2023 silentio
2020 1986 2161 2024 esse
2187 1970 2350 2023 tectu-

406 2075 564 2117 rum.
602 2060 1002 2122 Parmenioni,
1035 2060 1173 2113 vivo
1205 2058 1394 2114 adhuc
1423 2058 1626 2126 Dario,
1649 2057 2068 2128 intempestiva
2095 2073 2192 2113 res
2212 2055 2350 2110 vide-

405 2153 613 2207 batur:
639 2166 762 2205 non
783 2151 941 2205 enim
963 2149 1102 2221 sibi,
1125 2149 1231 2205 sed
1252 2149 1431 2216 hosti,
1447 2163 1582 2202 esse
1603 2148 1912 2202 occisuros
1935 2147 2320 2201 Alexandrum
2332 2160 2344 2207 ;

405 2240 582 2294 Dario
610 2253 752 2294 vero
784 2239 1033 2302 sublato,
1064 2238 1377 2308 praemium
1406 2236 1572 2308 regis
1601 2236 1783 2291 occisi
1802 2236 1844 2264 ⁸⁸
1872 2236 2082 2290 Asiam
2109 2241 2165 2290 et
2191 2238 2349 2289 totum

404 2329 707 2385 Orientem
741 2326 1220 2383 interfectoribus
1258 2341 1398 2383 esse
1435 2340 1702 2380 cessura.
1734 2324 2200 2395 Approbatoque
2228 2337 2349 2377 con·

451 2589 528 2631 25.
561 2582 762 2627 Postulat
779 2583 886 2626 deus
910 2582 1054 2626 credi.
1083 2581 1282 2625 Postulat
1308 2585 1382 2624 est
1420 2579 1718 2636 quelquefois
1749 2580 1980 2624 construit
2017 2591 2129 2625 avec
2151 2589 2240 2624 une
2259 2587 2345 2633 pro·

402 2646 603 2703 position
621 2645 844 2689 infinitivo
874 2655 991 2700 pour
1012 2644 1201 2698 regime,
1225 2643 1422 2698 postulat
1448 2655 1496 2687 ae
1515 2643 1640 2685 deum
1664 2643 1817 2693 arcem
1844 2644 1959 2687 mais
1989 2644 2036 2687 la
2057 2639 2344 2686 construction

402 2710 592 2765 qu'ost're
622 2707 683 2751 ici
703 2707 873 2759 Quinte
902 2710 1049 2750 curce
1072 2706 1190 2751 n’est
1206 2718 1289 2762 pas
1319 2706 1527 2749 usuelle.

452 2776 528 2817 26.
560 2768 843 2815 Archelaum.
875 2769 1142 2823 Archelaus,
1163 2769 1230 2812 roi
1258 2769 1316 2811 de
1344 2767 1622 2819 macedoine.
1649 2770 1843 2821 413-399,
1871 2766 2002 2811 avait
2040 2767 2114 2812 ete
2136 2757 2341 2810 assassin6

400 2844 486 2890 par
505 2833 590 2878 des
606 2832 928 2877 Macedonicus
954 2832 1033 2888 qui
1063 2831 1341 2886 vengeaient
1365 2841 1457 2874 une
1486 2829 1640 2885 iniure
1670 2830 1990 2884 personnelle.

452 2901 522 2952 27.
552 2895 869 2940 Alexandrum.
896 2894 1149 2939 Alexandre
1175 2896 1228 2946 11,
1247 2893 1315 2936 roi
1334 2893 1390 2937 de
1415 2892 1692 2947 Macedoine‚
1710 2895 1910 2946 aee-368,
1926 2892 2002 2935 fils
2023 2892 2276 2945 d'Amyntas
2291 2886 2340 2928 ΠΙ

401 2965 449 3005 et
470 2959 592 3003 frere
614 2958 672 3002 de
694 2955 904 3012 Philippe
931 2959 984 3009 11,
1003 2957 1125 3000 avait
1155 2955 1229 2999 ete
1257 2954 1491 2999 assassine
1519 2966 1604 3008 par
1631 2966 1696 2998 un
1723 2953 2002 3009 pretendunt
2021 2966 2080 2997 au
2108 2954 2249 2997 trone.

451 3026 525 3067 28.
558 3020 818 3065 Perdiccan.
868 3021 1110 3064 Perdiccas
1147 3022 1223 3075 ΙΙΙ,
1250 3018 1319 3061 roi
1360 3018 1418 3062 de
1454 3016 1719 3061 Macedoine
1765 3016 1862 3071 (365
1904 3015 1933 3059 ὸ,
1971 3016 2087 3070 360),
2116 3021 2240 3059 autre
2281 3008 2336 3052 fils

399 3085 664 3137 d’Amyntas
691 3076 748 3124 111
766 3087 813 3126 et
836 3080 957 3126 frere
985 3081 1044 3125 de
1064 3080 1271 3136 Philipps
1300 3085 1352 3136 11,
1383 3080 1453 3123 sut
1481 3077 1562 3122 tue
1591 3079 1708 3122 dans
1727 3088 1823 3122 une
1851 3090 2022 3134 guerre
2053 3090 2111 3123 en
2129 3076 2287 3132 Illyrio.

449 3150 528 3191 29.
560 3145 660 3194 Hic,
684 3143 964 3192 Alexandro.
1800 3145 1804 3149 ’

450 3213 524 3254 30.
557 3205 745 3261 lanovit.
778 3208 943 3261 Quinte
960 3211 1108 3252 curce
1138 3206 1288 3251 donne
1312 3206 1358 3248 la
1380 3215 1524 3249 cause
1543 3204 1601 3247 de
1619 3216 1673 3248 ce
1697 3203 1889 3260 pardon,
1910 3207 2004 3257 vll,
2040 3216 2078 3256 1,
2101 3207 2148 3247 6.

450 3276 525 3318 31.
561 3270 701 3323 Super
723 3279 888 3315 cenam.
906 3270 1049 3324 Super
1067 3269 1213 3323 prend
1241 3269 1303 3312 ici
1326 3268 1372 3312 le
1402 3278 1512 3310 sens
1541 3268 1599 3310 de
1627 3267 1765 3312 inter.

451 3336 526 3379 32.
567 3331 790 3377 Utrumne.
813 3331 884 3376 Cf.
908 3335 983 3383 111,
1002 3343 1083 3381 vn.
1113 3336 1223 3376 note
1246 3337 1321 3379 Π.

452 3400 528 3442 33.
560 3392 803 3449 Effunderc
830 3395 959 3437 verba
973 3399 1046 3437 est
1070 3393 1313 3449 poetique.

451 3461 525 3504 34.
558 3456 796 3502 Proximus
825 3468 852 3499 a
877 3457 1021 3509 nobie,
1050 3456 1093 3499 le
1115 3458 1317 3509 premier
1345 3454 1482 3511 apres
1506 3466 1648 3500 nous.

451 3525 533 3566 35:
560 3519 693 3570 Reat’s
711 3517 869 3562 occisi.
894 3520 955 3559 Le
983 3517 1210 3570 participe
1227 3518 1369 3572 passe
1396 3522 1556 3561 tenant
1581 3516 1679 3561 lieu
1695 3516 1806 3560 d'un
1825 3527 1934 3559 nom
1960 3514 2167 3560 abstrait.
2191 3507 2254 3553 Cf.
2269 3504 2331 3552 111,

403 3592 454 3632 ιι,
477 3585 588 3624 note
610 3582 684 3622 26.
