2517 3975
202 446 328 515 '37

258 726 326 781 38

385 247 491 301 106
1145 268 1197 312 Q.
1238 267 1413 305 cmm
1450 266 1585 305 num

382 372 623 439 tumque
652 374 808 425 certo
857 371 1029 443 signo
1074 373 1287 439 locum,
1321 376 1385 427 ut
1427 373 1592 428 fraus
1633 373 1848 428 evitari
1884 388 1917 425 a
1955 372 2084 425 suis
2120 375 2351 440 posset.

383 459 701 512 Asservari
732 461 1043 532 transfuga
1076 461 1272 532 jusso,
1310 463 1491 516 duces
1530 465 1816 517 convocat
1851 475 1863 514 z
1898 460 2354 529 expositoque33

382 548 537 618 quod
568 549 897 602 nuntiatum
928 553 1070 615 erat,
1100 556 1301 604 monet
1332 556 1392 604 ut
1423 553 1734 620 regionem
1757 552 2145 603 monstratam
2176 548 2355 602 deeli-

383 638 523 691 nent
548 639 916 709 equitemque
942 639 1268 709 periculum
1298 639 1596 694 edoceant.

400 725 745 794 xCeterum,
778 728 1105 782 hortantem
1127 730 1424 783 exercitus
1446 729 1725 783 exaudire
1755 744 1875 781 non
1902 730 2152 796 poterat,
2173 741 2354 782 usum

383 816 613 869 aurium
642 816 1053 886 intercipiente
1087 816 1323 872 fremitu
1354 818 1602 872 duorum
1624 818 1947 888 agminum.
1972 815 2110 883 Sed,
2135 817 2195 867 in
2218 832 2361 870 eon·

381 907 586 972 spectu
618 905 899 970 omnium,
933 904 1117 959 duces
1147 910 1203 960 et
1231 907 1566 977 proximum
1596 916 1887 976 quemque
1915 905 2362 974 interequitans

382 993 811 1062 alloquebatur.

1141 1188 1391 1243 CAPUT
1446 1188 1578 1243 XIV

600 1352 851 1400 Discours
887 1350 1230 1399 d'Alexandre
1266 1357 1314 1398 et
1348 1352 1409 1399 de
1440 1351 1627 1399 Darius
1662 1349 1690 1398 a
1726 1351 1864 1398 leurs
1900 1351 2123 1400 soldatS.

1124 1490 1212 1545 (w
1241 1492 1433 1536 octobre
1461 1491 1591 1545 331.)

431 1667 790 1725 *Emensis
822 1670 906 1721 tot
936 1670 1127 1722 terras
1158 1668 1219 1720 in
1257 1683 1424 1737 spem
1464 1666 1745 1732 victoriae,
1790 1666 1864 1719 de
1899 1681 2013 1736 qua
2055 1665 2353 1719 dimican-

378 1755 518 1810 dum
564 1754 730 1818 foret,
763 1756 872 1809 hoc
911 1771 1093 1809 unum
1133 1772 1456 1825 superesse
1495 1755 1844 1808 discrimen.
1892 1754 2218 1808 Granicum
2254 1754 2351 1808 hic

380 1858 613 1897 amnem
643 1841 974 1913 Ciliciaeque
1016 1847 1249 1896 montes
1291 1847 1345 1896 et
1385 1841 1614 1913 Syriam
1649 1841 2094 1912 AEgyptumque
2133 1846 2350 1910 praete-

378 1931 689 1989 reuntibus
721 1934 938 2002 raptae,
972 1931 1238 2004 ingentia
1283 1932 1409 2001 spei
1449 1931 1765 2000 gloriaeque
1799 1932 2207 1995 incitamenta,
2253 1946 2350 1984 re-

379 2022 624 2078 ferebat.
689 2021 1114 2091 Reprehensos
1170 2036 1248 2075 ex
1306 2020 1447 2091 fuga
1499 2021 1719 2073 Persas
1775 2024 2168 2091 pugnaturoS,
2214 2022 2349 2092 quia

378 2112 586 2185 fugere
624 2127 745 2166 nou
792 2113 1054 2181 possent.
1103 2110 1366 2165 Tertium
1405 2111 1529 2180 jam
1575 2110 1731 2164 diem
1778 2116 1936 2165 metu
1974 2127 2335 2183 exsangueS‚

287 2213 291 2217 ’
380 2191 568 2268 armis
592 2202 719 2255 suis
751 2203 1051 2264 oneratOS‚
1081 2201 1145 2253 in
1176 2200 1376 2254 eodem
1407 2199 1660 2272 vestigio
1693 2198 2190 2255 haerere.Nullum
2217 2200 2355 2278 2des-

378 2289 701 2361 perationis
730 2288 967 2342 illorum
999 2287 1190 2358 majus
1234 2287 1519 2342 indicium
1559 2304 1719 2358 esse,
1749 2304 1926 2358 quam
1957 2289 2114 2359 quod
2148 2289 2352 2358 urbeS,

382 2379 534 2450 quod
563 2394 744 2449 agros
773 2394 918 2431 suos
948 2380 1211 2446 urerent,
1243 2375 1528 2447 quidquid
1569 2392 1689 2430 non
1732 2378 2170 2448 corrupissent,
2205 2378 2353 2431 hos-

380 2468 526 2521 tium
555 2483 690 2523 esse
716 2466 1000 2522 confessi.
1041 2464 1296 2518 Nomina
1324 2465 1499 2518 modo
1533 2481 1684 2519 vana
1713 2466 1978 2537 gentium
2011 2467 2355 2538 ignotarum

383 2572 457 2610 ne
489 2559 933 2613 extimescerent
969 2571 980 2609 :
1016 2569 1204 2624 neque
1236 2556 1395 2608 enim
1425 2555 1495 2608 ad
1526 2554 1666 2609 belli
1688 2556 2010 2610 discrimen
2031 2557 2351 2624 pertinere,

386 2644 486 2714 qui
508 2644 580 2698 ab
603 2642 705 2697 iis¹
728 2644 953 2714 Scythae
986 2641 1160 2712 quive
1186 2640 1431 2697 Cadusii
1462 2642 1910 2713 appellarentur.
1931 2645 2017 2700 Ob
2046 2644 2107 2698 id
2135 2646 2351 2715 ipsum,

384 2719 547 2803 quod*
570 2731 753 2803 ignoti
777 2736 995 2800 essent,
1029 2731 1330 2804 ignobiles
1352 2747 1521 2787 esse:
1548 2748 1866 2802 numquam
1887 2732 2158 2806 ignorari
2186 2734 2355 2788 viros

385 2822 588 2886 fortes,
622 2824 677 2874 at
710 2821 977 2876 imbelles
1008 2838 1080 2876 ex
1111 2821 1354 2875 latebris
1403 2820 1528 2875 suis
1566 2825 1768 2876 erutos
1804 2822 1948 2875 nihil
1989 2826 2202 2892 praeter
2240 2839 2355 2876 no-

384 2908 544 2974 mina
573 2905 807 2963 afferre.
846 2908 1195 2963 Macedonas
1224 2909 1444 2963 virtute
1474 2913 1776 2964 assecutos
1799 2926 1871 2964 ne
1895 2910 2028 2980 quis
2057 2913 2179 2965 toto
2210 2910 2355 2964 orbe

386 2987 554 3051 locus
587 2998 766 3064 esset,
801 2999 898 3067 qui
942 2999 1091 3052 tales
1140 2998 1308 3058 viros
1346 2998 1676 3066 ignoraret.
1722 2997 2095 3052 Intuerentur
2134 2998 2358 3052 harba—

386 3100 591 3140 rorum
618 3084 983 3138 inconditnm
1012 3101 1224 3156 agmen
1258 3101 1270 3139 ε
1306 3084 1484 3139 alium
1514 3085 1658 3140 nihil
1688 3091 1897 3156 praeter
1920 3086 2218 3157 jaculum*
2250 3086 2355 3140 ha-

386 3174 549 3239 bere,
592 3172 772 3225 alium
812 3172 1031 3226 funda*
1071 3169 1216 3227 saxa
1266 3173 1505 3243 librare,
1545 3174 1747 3243 paneis
1780 3172 1944 3244 justa
1990 3190 2152 3227 arma
2192 3188 2350 3229 esse.

302 3260 337 3315 6
389 3262 593 3332 Itaque
638 3259 799 3313 illinc
840 3261 1045 3330 plures
1080 3267 1235 3315 stare
1270 3277 1282 3315 ε
1317 3260 1455 3316 hinc
1502 3261 1705 3333 plures
1754 3262 2165 3321 dimicaturos,
2193 3262 2356 3316 ‘Nec

389 3350 692 3424 postulare
721 3363 787 3402 se
816 3353 880 3402 ut
914 3337 1139 3404 fortiter
1168 3357 1550 3420 capesserent
1577 3352 1870 3422 proelium,
1896 3352 1958 3406 ni
1981 3353 2110 3422 ipse
2141 3351 2356 3407 ceteris

443 3528 517 3574 33.
551 3525 787 3580 Exposita.
811 3524 882 3568 Ct.
907 3527 954 3576 V,
983 3535 1088 3574 xm,
1112 3531 1221 3568 note
1243 3527 1288 3570 1.

448 3590 554 3635 XIV.
591 3609 641 3619 -
670 3592 714 3631 1.
750 3587 810 3628 Ab
838 3585 918 3636 tis,
948 3583 1233 3629 dest-adire
1263 3599 1289 3629 a
1314 3587 1488 3631 Persis·
