2517 3975
654 275 1050 315 ms‘romAmm
1083 275 1414 317 Annxmnm
1452 278 1533 330 lx,
1571 277 1656 314 ιν.
2042 262 2150 317 327*

183 386 300 439 tota
328 381 496 440 India
524 389 743 454 praeter
769 385 1017 456 Gangen
1047 387 1322 453 maxima,
1357 387 1718 440 munimento
1760 386 1916 440 arcis
1955 385 2144 456 appii-

171 476 311 528 ‚eant
349 472 560 526 undas,
592 472 643 525 A
690 475 1091 542 septentrione
1129 475 1313 529 Indus
1333 474 1374 502 ¹⁸
1413 474 1593 540 alluit,
1639 491 1671 528 a
1711 475 1952 542 meridie
1999 474 2150 531 Ace-

180 562 347 617 sines
377 561 641 631 Hydaspi
667 562 1063 617 confunditur.
1100 563 1373 618 Celerum
1404 563 1662 617 amnium
1692 569 1876 620 coetus
1895 565 1932 592 Η
1964 567 2146 620 mari·
2202 563 2235 617 9

176 649 338 705 timis
369 651 603 704 similes
631 651 840 705 fluctus
860 657 1087 717 movet3
1115 652 1414 723 multoque
1448 669 1515 706 ac
1545 653 1780 707 turbido
1804 653 1965 723 lim0‚
1991 656 2159 726 quod

178 751 461 810 aquarum
488 755 786 793 concursu
818 741 1073 796 subinde
1104 741 1396 810 turbatur,
1431 742 1562 809 iter,
1586 758 1699 811 qua
1728 746 1953 796 meatur
1983 744 2148 797 navi-

179 829 324 899 giis,
359 828 416 881 in
447 828 681 881 tenuem
713 828 945 883 alveum
984 831 1236 900 cogitur.
1272 830 1492 899 Itaque,
1526 846 1659 883 cum
1698 830 1891 884 crebri
1929 830 2146 885 fluctus

177 931 240 971 se
270 915 644 982 inveherent,
669 919 725 969 et
746 918 1025 970 navium*
1043 919 1179 973 hinc
1204 934 1438 989 prorae,
1459 911 1796 973 hine'latera
1819 920 2139 988 pulsarem,

177 1006 508 1059 subducere
555 1011 748 1059 nautae
794 1007 924 1060 vela
970 1011 1293 1076 coeperunt.
1336 1006 1452 1060 Sed
1499 1008 1825 1062 ministeria
1874 1021 2075 1061 eorum
2103 1007 2188 1053 ¹¹-

177 1094 317 1148 hinc
345 1098 526 1160 metu,
562 1094 699 1146 hinc
729 1095 1060 1165 praerapida
1093 1095 1388 1149 celeritate
1428 1096 1730 1148 fluminum
1762 1098 2142 1165 occupantur.

177 1183 471 1237 Inoculis
498 1183 539 1210 *³
579 1184 838 1237 omnium
870 1184 986 1238 duo
1034 1184 1268 1254 majora
1313 1184 1552 1254 navigia
1600 1185 1909 1238 submersa
1955 1188 2139 1239 sunt:

174 1273 426 1341 leviora,
448 1272 636 1325 cum¹⁴
656 1276 712 1325 et
736 1274 865 1341 ipsa
888 1273 1202 1344 nequirent
1226 1273 1373 1343 regi,
1397 1272 1457 1325 in
1479 1274 1662 1341 ripam
1683 1276 1880 1327 tamen
1904 1273 2146 1327 innoxia

176 1361 425 1429 expulsa
472 1364 628 1413 sunt.
675 1360 809 1429 Ipse
858 1376 966 1414 rex
1014 1362 1075 1413 in
1121 1360 1540 1428 rapidissimos
1587 1361 1840 1414 vertices
1899 1361 2139 1425 incidit3

174 1449 393 1519 quihus
447 1450 692 1514 intorta,
740 1451 913 1503 navis
944 1450 967 1471 *
1004 1450 1242 1520 obliqua
1290 1452 1345 1503 et
1391 1449 1776 1520 gubernaculi
1832 1449 2146 1519 impatiens

173 1537 481 1608 agebatur.
506 1537 639 1590 Jam
658 1540 886 1591 vestem
915 1538 1251 1591 detraxerat
1274 1537 1531 1606 corpori,
1553 1535 1930 1606 projecturus
1958 1540 2145 1591 semet

172 1626 233 1678 in
283 1626 526 1688 flumen,
558 1627 867 1695 amicique,
898 1629 960 1678 ut
1006 1627 1346 1695 exciperent
1382 1641 1536 1690 eum,
1578 1623 1733 1678 haud
1780 1626 1987 1693 procul
2034 1642 2143 1678 na-

171 1713 336 1779 bent,
370 1715 807 1784 apparebatque
841 1715 1114 1782 anceps¹³
1133 1714 1515 1784 periculum¹⁸
1545 1717 1658 1767 tam
1690 1715 1940 1768 nataturi
1971 1730 2142 1785 quam

171 1803 459 1872 navigare
508 1802 971 1871 perseverantis,
1013 1803 1175 1873 Ergo
1219 1804 1452 1872 ingenti
1491 1803 1810 1857 certamine
1841 1793 2143 1857 'concitant

171 1907 391 1958 rernm,
424 1896 755 1963 quantaque
785 1892 878 1946 vis
909 1893 1162 1946 humana
1193 1890 1372 1964 [esse]
1411 1894 1642 1961 poterat
1672 1893 1902 1947 admota
1939 1896 2046 1958 est,
2079 1894 2142 1945 ut

172 1982 405 2049 fluctuS‚
440 1980 540 2050 qui
581 1997 645 2035 se
683 1980 1060 2048 invehebant,
1098 1981 1614 2036 everberarentur.
1656 1980 1829 2035 Findi
1866 1981 2144 2036 crederes

167 2069 362 2125 undas
393 2071 450 2123 et
480 2072 639 2124 retro
671 2071 940 2142 gurgites
972 2070 1202 2125 cedere.
1231 2070 1458 2135 Quibus
1481 2070 1715 2124 tandem
1741 2071 1913 2123 navis
1944 2073 2142 2139 erepta

169 2174 289 2213 non
335 2161 539 2213 tamen
575 2159 721 2228 ripae
761 2159 1107 2229 applicatur,
1138 2159 1243 2213 sed
1292 2160 1353 2212 in
1403 2160 1738 2229 proximum
1768 2158 1982 2211 vadum
2016 2157 2139 2210 illi·
2175 2211 2180 2215 ,

167 2248 348 2304 ditur.
381 2247 528 2301 Cum
568 2249 726 2301 amni
746 2248 788 2275 ¹⁷
815 2247 1035 2304 bellum
1083 2247 1274 2302 fuisse
1321 2247 1616 2302 crederes„
1661 2246 1844 2314 Ergo,
1875 2247 1997 2299 aris
2032 2259 2140 2315 pro

167 2351 427 2392 numero
466 2337 773 2390 fluminum
811 2337 1048 2408 positiS,
1095 2336 1508 2405 sacrificioque
1544 2334 1715 2403 sactu,
1753 2351 1875 2388 xxx
1914 2332 2141 2389 stadia*

166 2424 484 2495 processit.

235 2512 382 2567 inde
431 2514 671 2567 ventum
721 2514 810 2567 est
843 2512 903 2565 in
941 2512 1256 2583 regionem
1303 2509 1699 2566 Sudracarum
1719 2511 1759 2539 ¹⁸
1794 2512 2160 2577 Mallorum-⁴

166 2602 359 2673 quest,
397 2615 547 2670 quos
579 2600 726 2654 alias
764 2601 987 2655 bellare
1018 2601 1171 2654 inter
1200 2616 1270 2654 se
1309 2601 1537 2667 solitOS‚
1572 2604 1710 2654 tunc
1755 2600 2004 2669 periculi
2042 2616 2139 2654 so-

165 2691 353 2745 cietas
376 2689 680 2761 Junxerat.
712 2687 1053 2760 Nonaginta
1084 2688 1266 2744 millia
1290 2688 1601 2760 juniorum
1630 2689 1892 2759 peditum
1938 2688 2000 2741 in
2044 2704 2140 2743 ar-

217 2913 294 2952 10.
327 2907 481 2952 Indus.
519 2907 688 2959 Quinte
729 2909 876 2949 curce
909 2917 960 2949 se
1004 2910 1216 2960 trompe:
1255 2905 1428 2948 l'lndus
1474 2910 1549 2950 est
1586 2917 1719 2950 assez
1761 2904 1945 2961 eloigne
1995 2908 2051 2951 de
2095 2909 2138 2950 [a

164 2973 298 3015 villo.

215 3037 290 3077 11.
331 3033 475 3076 Goetus
504 3032 712 3084 amnium,
741 3031 939 3073 alliance
956 3031 1013 3075 de
1044 3034 1165 3075 mots
1185 3041 1279 3085 peu
1302 3031 1497 3076 usuelle.

217 3100 294 3139 12.
329 3095 507 3148 Eorum,
539 3092 832 3136 c'est-a-dire
861 3097 1110 3137 nautarum.

217 3159 288 3202 13.
320 3156 372 3199 In
401 3156 553 3209 oeulis,
578 3166 759 3198 comme
777 3159 885 3198 ante
908 3155 1071 3198 oeulos.

217 3219 288 3263 14.
322 3219 440 3269 Cum,
472 3222 692 3273 quoique.

217 3285 287 3326 15.
321 3281 507 3334 Anceps,
548 3280 731 3323 double.

216 3344 294 3388 16.
329 3342 602 3386 Periculum.
632 3341 723 3395 Cf„
753 3353 834 3385 sur
853 3352 905 3385 ce
925 3345 1040 3397 mot,
1059 3344 1129 3397 lv,
1151 3351 1220 3395 ix,
1243 3344 1350 3384 note
1366 3343 1442 3383 20.

173 3418 179 3429 ·
215 3405 286 3449 ¹7.
318 3405 466 3454 Ami,
496 3410 541 3448 et
565 3405 668 3458 plus
696 3405 808 3448 haut
838 3414 989 3448 amne.-
1018 3405 1089 3447 les
1117 3404 1238 3447 deux
1258 3402 1442 3447 ablatirs
1476 3414 1525 3447 se
1555 3407 1797 3448 trouvent.

215 3469 290 3512 18.
325 3466 552 3515 Sudracae
589 3469 647 3510 ce
683 3467 849 3521 peuple
882 3466 1074 3509 habitait
1093 3465 1454 3521 surlmflydaspe
1469 3466 1510 3509 11
1544 3470 1622 3510 est
1652 3467 1764 3521 plus
1790 3464 2135 3520 generaloment

163 3541 319 3574 connu
352 3540 461 3573 sous
489 3529 531 3572 le
550 3541 667 3571 nom
689 3529 731 3572 d’
732 3529 1030 3584 oxum-,aquen

214 3593 285 3636 19.
316 3591 464 3636 Malli.
490 3592 552 3635 ns
573 3592 825 3634 habitaient
845 3603 926 3636 au·
909 3591 1123 3636 ·dessous
1144 3590 1226 3636 des
1246 3590 1468 3636 Sudraca.

2202 830 2271 883 10

2201 1184 2262 1238 11

2202 1538 2269 1591 12

2201 1802 2268 1856 13

2200 1979 2266 2033 14

2196 2512 2264 2567 15
