2517 3975
254 1838 321 1893 10

250 2195 316 2250 11

367 204 438 258 98
1131 216 1184 259 Q.
1228 214 1400 253 cunm
1439 215 1576 253 num

369 329 587 381 ventus
630 325 893 379 hostium
940 320 1205 378 nuntius.
1252 323 1443 394 Igitur
1482 323 1719 389 Darius,
1761 323 1860 395 qui
1899 326 1960 377 in
2004 324 2350 393 patentibus

368 415 597 485 campis
624 414 944 469 decernere
975 413 1236 482 optabat,
1271 413 1490 466 armari
1517 414 1762 468 militem
1781 415 1800 439 ³
1837 413 2010 485 jubet
2036 414 2348 484 aciemque

369 504 657 574 disponit.

443 593 508 646 In
539 592 691 647 laevo
731 607 918 646 cornu
951 576 1253 645 Bactriani
1292 590 1453 645 ibant
1489 592 1739 661 equiteS,
1777 591 1937 645 mille
1973 591 2297 645 admodum
2327 605 2347 645 :

369 680 550 735 Dahae
597 680 844 735 totidem
880 684 935 734 et
976 678 1293 733 Arachosii
1336 678 1696 748 Susianique
1736 684 1990 749 quatuor
2020 680 2207 733 millia
2237 697 2348 733 ex-

369 770 629 840 plebant.
662 767 788 822 Hos
819 774 1050 823 centum
1079 766 1277 820 falcati
1308 769 1549 822 currus⁰
1579 769 1998 838 sequebantur.
2023 769 2349 822 Proximus

370 858 684 931 quadrigis
715 860 841 911 erat
871 857 1100 910 Bessus
1128 871 1261 909 cum
1280 873 1388 909 vm
1416 856 1682 909 millibus
1709 857 1993 927 equitum,
2026 857 2169 910 item
2202 858 2351 911 Bac·

370 945 603 999 trianiS.
627 944 979 1014 blassagetae
1007 943 1242 997 duobus
1272 943 1540 997 millibus
1564 959 1780 1015 agmen
1811 942 1944 1014 ejus
1971 944 2348 1002 claudebant.

372 1034 604 1089 Pedites
645 1032 741 1086 his
788 1032 1048 1102 plurium
1092 1033 1359 1102 gentium
1399 1048 1520 1086 non
1561 1033 1889 1099 imminue,
1931 1034 2035 1087 sed
2073 1049 2201 1087 suae
2244 1051 2349 1087 cu-

370 1122 583 1191 jusque
614 1120 877 1177 nationis
902 1122 1179 1189 junxerat
1198 1120 1215 1146 ⁷
1242 1121 1467 1190 copiae.
1487 1120 1709 1175 Persas
1735 1120 1945 1177 deinde
1964 1137 2099 1176 cum
2121 1122 2348 1178 Mardis

373 1209 810 1281 Sogdianisque
859 1209 1293 1263 Ariobarzanes
1350 1214 1407 1263 et
1448 1208 1842 1264 Orontobates
1890 1210 2204 1267 ducebant.
2256 1211 2351 1264 Illi

373 1298 645 1367 partibus
693 1298 1012 1367 copiarum,
1064 1313 1313 1352 summae
1361 1297 1609 1353 Orsines
1638 1298 1657 1325 ⁸
1703 1304 1974 1367 praeerat,
2024 1314 2059 1351 a
2117 1302 2346 1369 septem

377 1388 588 1443 Persis
630 1388 937 1451 oriunduS,
977 1388 1050 1441 ad
1091 1388 1309 1459 Cyrum
1353 1403 1603 1458 quoque,
1637 1387 2077 1442 nobilissimum
2115 1405 2346 1459 regem,

375 1476 670 1546 originem
699 1477 793 1529 sui
813 1475 834 1501 ⁰
862 1475 1148 1531 referens.
1192 1477 1318 1530 Hos
1354 1476 1483 1530 aliae
1523 1480 1753 1545 genteS,
1788 1491 1863 1530 ne
1895 1477 2079 1531 sociis
2110 1477 2349 1547 quidem

376 1567 524 1620 satis
563 1569 739 1629 notae,
783 1564 1202 1634 sequebantur.
1239 1564 1381 1618 Post
1419 1579 1567 1633 quas
1600 1582 1634 1617 L
1665 1565 1986 1635 quadrigas
2024 1565 2350 1619 Phradates

374 1668 592 1722 magno
648 1650 1002 1720 Caspiorum
1036 1652 1073 1679 ¹⁰
1128 1652 1366 1721 agmine
1421 1653 1823 1707 antecedebat.
1872 1652 1999 1705 Indi
2045 1653 2349 1723 ceterique

375 1741 546 1794 rubri
572 1740 757 1793 maris
787 1740 1023 1805 accolae,
1056 1741 1298 1794 nomina
1328 1741 1536 1794 verius
1566 1757 1741 1811 quam
1783 1741 2024 1811 auxilia,
2054 1746 2195 1810 post
2221 1757 2351 1795 cur-

373 1845 480 1883 rus
516 1830 703 1881 erant.
744 1826 1142 1881 Claudebatur
1191 1828 1302 1883 hoc
1341 1844 1555 1900 agmen
1596 1830 1732 1885 aliis
1774 1829 2008 1884 falcatis
2037 1830 2344 1896 curribuS‚

376 1918 568 1990 quis¹¹
626 1917 1012 1989 peregrinum
1069 1918 1319 1972 militem
1335 1918 1374 1945 ¹²
1430 1916 1795 1990 adjunxerat.
1838 1919 2009 1973 Hunc
2058 1919 2344 1984 Armenii,

375 2024 528 2081 quos
556 2007 825 2062 minores
855 2008 1182 2077 appellant;
1206 2008 1527 2063 Armenios
1555 2007 1867 2079 Babylonii
1887 2026 1899 2073 ;
1923 2012 2211 2079 utrosque
2243 2010 2346 2064 Be-

372 2097 492 2151 litae
508 2096 543 2124 ¹⁸
572 2099 635 2152 et
662 2096 765 2167 qui
795 2100 1030 2151 montes
1060 2095 1444 2151 Cossaeorum
1463 2097 1503 2125 ¹⁴
1530 2097 1890 2166 incolebant,
1921 2097 2344 2168 sequebantur.

375 2186 531 2241 Post.
562 2186 676 2241 hos
713 2184 879 2239 ibant
920 2183 1156 2239 Gortuae
1185 2186 1239 2251 ¹⁵,
1281 2186 1475 2256 gentis
1513 2186 1751 2257 quidem
1793 2186 2098 2256 Euboicae,
2142 2186 2347 2241 Medos

425 2367 473 2408 5.
502 2362 706 2416 Militem,
734 2361 960 2414 elngulier
981 2360 1202 2405 collectis.
1238 2360 1307 2405 Cf.
1339 2365 1412 2414 111,
1436 2373 1467 2415 ι,
1497 2368 1607 2406 note
1625 2363 1674 2407 3.

427 2428 474 2468 6.
508 2424 680 2469 Γαίεαῑὶ
708 2435 880 2474 currus,
909 2422 1099 2477 decrits,
1128 2426 1196 2477 IV,
1229 2435 1298 2479 lx,
1327 2423 1434 2467 4-5.

427 2489 475 2531 7.
508 2487 735 2540 Junxerat,
765 2491 859 2529 etc.
889 2489 951 2527 La
970 2485 1284 2528 construction
1322 2491 1393 2529 est
1424 2496 1436 2529 z
1464 2487 1682 2531 Iunxerat
1709 2487 1781 2529 liis
1816 2486 1993 2542 pedites
2015 2487 2225 2540 plurium
2251 2499 2353 2540 yen-

374 2549 501 2600 tium‚
551 2560 635 2591 non
690 2549 930 2601 inmixtos,
958 2548 1034 2590 sed
1066 2552 1283 2601 junxerat
1326 2548 1474 2603 copiae
1510 2561 1604 2592 810ae
1631 2550 1843 2603 casusque
1871 2549 2090 2593 nationis.
2136 2549 2173 2591 11
2225 2550 2353 2592 avait

376 2609 553 2662 adjoint
581 2608 608 2651 a
633 2621 711 2652 ces
741 2609 968 2653 cavallers
1002 2610 1071 2653 les
1114 2609 1365 2653 fantassins
1395 2609 1452 2653 de
1492 2611 1725 2664 plusieurs
1755 2610 1951 2664 nanticus,
1984 2621 2077 2656 non
2106 2620 2193 2663 pas
2223 2611 2352 2665 pele-

375 2672 511 2724 mele,
542 2672 657 2713 mais
683 2672 719 2713 il
745 2672 867 2715 avait
892 2672 1069 2726 adjoint
1098 2683 1194 2715 aux
1215 2672 1447 2716 cavaliers
1472 2673 1544 2716 les
1565 2673 1821 2717 fantassins
1850 2673 1905 2716 de
1928 2675 2034 2716 leur
2062 2683 2235 2729 propre
2265 2685 2350 2715 na·

374 2734 468 2778 tion
488 2731 514 2775 a
537 2734 743 2777 chacun.

427 2798 474 2841 8.
512 2794 708 2850 Oretum,
740 2796 1025 2840 descendant
1052 2797 1162 2840 d'un
1191 2797 1278 2841 des
1308 2803 1413 2850 sept
1439 2797 1601 2841 nobles
1630 2800 1793 2841 Perses
1820 2796 1902 2851 qui
1935 2795 2279 2841 renverserent
2305 2797 2352 2842 le

375 2857 487 2900 faux
511 2856 732 2912 smerdis,
763 2863 810 2900 et
824 2859 903 2911 qui
932 2859 1102 2901 mirent
1129 2871 1209 2902 sur
1238 2858 1283 2901 le
1303 2858 1435 2902 trone
1464 2859 1559 2902 l'un
1580 2860 1735 2912 d'eux,
1759 2859 1940 2902 DarIus.

424 2924 474 2965 9.
512 2917 729 2972 Oriqinem
751 2920 841 2963 sui.
870 2924 929 2963 Le
949 2931 1139 2975 pronom
1163 2922 1409 2975 personne!
1440 2923 1725 2977 remplacant
1754 2920 1973 2974 l'adjectif
1995 2920 2247 2973 possessis.

431 2985 501 3025 10.
535 2980 814 3035 Caspiorum.
847 2985 935 3027 Les
966 2982 1118 3037 Caspii
1162 2984 1418 3029 habitaient
1444 2985 1515 3027 les
1558 2983 1700 3028 bords
1730 2983 2035 3026 occidentaux
2063 2982 2122 3039 de
2162 2981 2214 3025 la
2243 2985 2353 3027 Cas·

374 3054 566 3097 pienne.

429 3105 496 3149 11.
529 3106 653 3160 Quz's,
683 3116 860 3149 comme
890 3106 1065 3161 quibus.
1102 3107 1167 3151 Cf.
1199 3111 1272 3162 111,
1304 3119 1353 3162 11,
1374 3110 1480 3149 note
1510 3107 1554 3151 8.

428 3166 500 3212 12.
534 3168 739 3221 Militem,
773 3168 1001 3222 singulier
1030 3168 1254 3215 collectif.
1288 3170 1360 3213 Cf.
1394 3172 1512 3224 111,1,
1540 3175 1648 3214 note
1668 3174 1710 3215 3.
1729 3171 1793 3212 Ce
1810 3172 1915 3212 sont
1947 3167 2018 3210 les
2037 3167 2355 3210 mercenaires

376 3239 513 3284 grecs
525 3230 638 3274 dont
657 3230 690 3272 il
713 3241 739 3272 a
762 3229 837 3274 ete
853 3231 1067 3284 question
1097 3231 1123 3273 a
1151 3236 1276 3275 Issus
1298 3231 1389 3288 (111,
1411 3233 1585 3287 xum).

429 3293 502 3335 13.
536 3292 711 3337 Belitae.
742 3295 804 3336 Ce
834 3292 1005 3346 peuple
1023 3297 1095 3336 est
1118 3293 1347 3339 inconnu.

427 3355 500 3400 14.
536 3359 623 3399 Les
655 3354 824 3399 Cossaei
852 3353 1113 3398 habitaient
1134 3355 1206 3399 les
1235 3362 1508 3410 montagnes
1536 3357 1616 3410 qui
1640 3355 1872 3400 confluent
1890 3354 1915 3398 ὲ
1937 3357 1982 3398 la
2008 3353 2155 3398 Medio
2183 3358 2236 3398 et
2256 3354 2285 3397 a
2309 3353 2355 3397 la.

378 3417 596 3463 Susiane.

378 3479 509 3583 Πιὸὶ
533 3479 735 3550 porticae,
762 3477 909 3533 yemis
934 3478 1154 3523 Euboicae.
1182 3480 1423 3536 Qu'est-ce
1456 3490 1547 3534 que
1576 3491 1628 3523 ce
1657 3480 1827 3535 peuple
1844 3480 1900 3525 de
1930 3491 2039 3525 race
2066 3478 2351 3523 eubeenue?

437 3552 486 3583 es
531 3551 757 3584 inconnu.
