2517 3975
637 268 1032 311 msa-onmium
1066 268 1405 309 mmm
1436 268 1522 319 vt,
1562 269 1689 308 vm.
2037 251 2145 307 193

187 379 484 437 Meruisse
501 383 750 436 mortem
778 378 1045 435 confiteri
1072 377 1252 448 pudet
1269 378 1288 405 ³
1321 393 1334 432 z
1368 382 1644 447 superest
1670 379 1734 433 ut
1762 377 1926 432 malit
1950 376 2146 433 videri

186 470 469 544 injuriam
523 470 848 539 accepisse,
895 482 1070 538 quam
1106 467 1309 521 vitam.
1355 465 1615 522 Proinde
1659 467 1809 522 scito
1853 465 1959 521 tibi
2013 481 2148 520 cum

185 559 305 613 illis
342 558 418 633 de
446 556 638 612 salute
665 571 802 611 esse
829 554 1234 626 pugnandum.
1269 554 1428 610 Satis
1456 555 1709 610 hostium
1748 557 2043 625 superest,
2073 553 2146 608 ad
2197 554 2236 610 9

187 663 333 719 quos
361 645 808 717 persequendos
835 644 976 699 ituri
1004 659 1211 698 sumus
1229 661 1244 697 τ
1263 643 1418 699 latus
1439 659 1473 698 a
1501 644 1843 702 domesticis
1871 643 2147 698 hostibus

186 735 374 790 muni.
414 732 540 788 Hos
583 734 640 787 si
686 733 1030 797 submoves,
1060 731 1210 785 nihil
1246 734 1445 787 metuo
1485 732 1559 787 ab
1605 734 1848 788 externo
1868 732 1905 789 ⁸.
1940 751 1966 781 ι
2003 731 2148 786 Haec

186 823 488 882 Craterus.
916 824 927 837 ⁹

252 914 378 970 Nec
406 912 592 968 ceteri
631 910 974 965 dubitabant
1012 910 1159 981 quin
1205 909 1639 981 conjurationis
1686 910 1969 966 indicium
2005 926 2148 980 sup-
2199 910 2272 967 10

184 1017 506 1074 pressurus
532 1016 653 1056 non
678 999 895 1054 fuisset
906 999 945 1068 ⁰,
972 999 1090 1054 nisi
1110 999 1367 1054 auctor¹⁰
1386 1002 1487 1054 aut
1513 1000 1883 1071 particeps¹¹.
1912 1021 1936 1049 α
1960 1000 2148 1066 Quem

187 1092 343 1147 enim
369 1090 533 1161 pium
563 1092 622 1144 et
644 1089 817 1144 bonae
847 1089 1084 1158 mentiS,
1116 1103 1237 1142 non
1265 1088 1517 1143 amicum
1553 1088 1746 1157 modo,
1781 1089 1887 1144 sed
1914 1103 1988 1143 ex
2013 1088 2148 1144 ulti-

185 1196 277 1235 ma
307 1179 502 1250 plebe,
532 1178 753 1233 auditis
777 1193 909 1250 quae
946 1176 1020 1231 ad
1049 1192 1184 1232 eum
1228 1176 1418 1233 delata
1468 1179 1654 1247 erant,
1702 1192 1824 1233 non
1871 1177 2149 1248 protinus

185 1269 255 1324 ad
281 1284 491 1342 regem
527 1267 717 1322 fuisse
744 1266 1096 1322 cursurum?
1144 1280 1219 1320 ne
1257 1265 1527 1321 Cebalini
1572 1266 1808 1336 quidem
1854 1268 2145 1339 exemplo,
2202 1264 2264 1320 11

183 1359 286 1430 qui
311 1374 388 1413 ex
416 1356 600 1411 fratre
626 1360 928 1426 comperta
946 1355 1067 1426 ipsi
1086 1355 1436 1423 nuntiasset,
1460 1355 1869 1411 Parmenionis
1887 1355 2074 1410 filium
2084 1356 2146 1422 ¹²,

190 1445 538 1518 praefectum
565 1445 858 1514 equitatus
876 1444 918 1510 *,
961 1443 1219 1498 omnium
1248 1458 1601 1499 arcanorum
1625 1444 1792 1516 regis
1822 1443 2144 1500 arbitrum!

183 1535 505 1590 simulasse
540 1534 715 1588 etiam
743 1547 867 1587 non
893 1547 1141 1588 vacasse
1170 1533 1433 1587 sermoni
1464 1548 1574 1588 suo
1601 1546 1824 1602 regem,
1867 1547 1942 1587 ne
1969 1532 2149 1588 index

184 1624 361 1679 alium
420 1622 849 1677 internuntium
905 1623 1220 1692 quaereret.
1286 1619 1737 1687 Nicomachum,
1799 1620 2092 1693 religione
2105 1622 2148 1652 ¹⁸
2201 1619 2271 1675 12

183 1727 421 1783 quoque
447 1711 624 1765 deum
641 1710 683 1738 ¹⁴
729 1709 1095 1776 adstrictum,
1144 1709 1567 1765 conscientiam
1611 1724 1779 1764 suam
1823 1724 2149 1765 exonerare

183 1814 547 1871 properasse
597 1814 612 1853 z
660 1797 974 1864 Philotam,
1031 1799 1383 1868 consumpto
1437 1813 1545 1868 per
1589 1798 1793 1853 ludum
1826 1797 2148 1870 jocumque

182 1904 351 1959 paene
381 1891 502 1943 toto
532 1888 644 1957 die,
675 1889 987 1960 gravatum
1016 1901 1152 1942 esse
1198 1901 1385 1957 pauca
1430 1885 1631 1956 verba,
1671 1888 2025 1959 pertinentia
2071 1887 2148 1942 ad

184 1982 358 2050 caput
383 1977 568 2048 regie,
593 1980 713 2032 tam
740 1976 922 2048 longo
952 1978 1011 2032 et
1039 1974 1290 2031 forsitan
1319 1992 1692 2046 supervacuo
1722 1976 1992 2033 inserere
2020 1992 2146 2032 ser-

182 2068 365 2123 moni.
392 2066 471 2121 At
496 2067 728 2131 enim¹⁸,
761 2050 835 2121 se‘
852 2080 976 2121 non
1003 2064 1332 2121 credidisse
1368 2065 1510 2120 talia
1557 2064 1965 2121 deferentibus
1990 2081 2144 2135 pue·
2198 2065 2268 2121 13

184 2155 338 2212 ris*!
370 2155 492 2211 Cur
519 2154 701 2227 igitur
728 2154 1088 2209 extraxisset
1114 2153 1439 2220 biduum¹⁰,
1458 2156 1754 2226 tamquam
1782 2154 2004 2209 indicio
2034 2154 2144 2210 ha-

180 2245 346 2301 beret
369 2244 591 2300 fidem?
626 2242 1034 2298 dimittendum
1061 2241 1252 2296 fuisse
1281 2241 1649 2309 Cebalinum,
1691 2243 1746 2298 si
1784 2242 2145 2298 delationem

184 2332 315 2405 ejus
342 2333 633 2388 damnaba
676 2332 737 2386 ¹⁷.
776 2331 844 2386 In
872 2346 983 2386 suo
1014 2345 1307 2403 quemque
1327 2330 1368 2358 ¹⁸
1395 2331 1663 2401 periculo
1690 2346 1971 2403 magnum
2018 2332 2143 2386 ani·
2198 2333 2268 2387 14

235 2533 283 2572 ’1.
314 2526 547 2575 teruisse.
563 2558 576 2571 .
590 2557 604 2571 .
627 2524 784 2581 pudet.
807 2524 930 2568 C’est
949 2534 1045 2568 une
1065 2521 1237 2577 pensae
1257 2521 1493 2577 generale.

235 2594 282 2636 8.
312 2589 531 2635 Externo.
553 2587 786 2632 Entendez
815 2589 997 2630 externo
1025 2585 1175 2639 hoste.

235 2656 283 2697 9.
316 2652 510 2707 Fuisset,
539 2650 665 2704 sujet
682 2648 910 2693 Philotas.

239 2717 309 2759 10.
341 2714 529 2758 Auctor.
554 2713 624 2758 Cf.
645 2722 726 2755 sur
755 2722 809 2755 ce
829 2714 942 2766 mot,
963 2713 1036 2762 lv,
1059 2720 1129 2761 m,
1159 2713 1270 2753 note
1293 2712 1371 2754 29.

242 2780 310 2820 11.
342 2774 443 2819 Nisi
461 2778 616 2819 auctor
633 2777 709 2817 aut
724 2772 965 2827 particeps,
994 2770 1327 2816 sous-entendu
1352 2775 1486 2816 esset.

241 2841 311 2882 12.
344 2835 650 2881 Parmenionis
666 2835 826 2891 fllium,
847 2834 1010 2889 ellipse
1026 2834 1088 2878 du
1110 2834 1254 2878 verbe
1280 2834 1542 2879 cucurrisse.

243 2903 306 2943 13.
334 2898 568 2953 Reliaione
604 2897 742 2950 deum,
785 2897 1056 2951 Nicomaque
1093 2895 1240 2940 s’etait
1281 2896 1459 2949 engage
1489 2907 1572 2951 par
1601 2900 1811 2943 serment
1838 2896 1867 2941 a
1893 2897 2062 2952 garder
2102 2898 2149 2942 le

187 2966 341 3004 secret
367 2973 446 3004 sur
473 2960 545 3003 les
564 2958 858 3004 confidences
887 2969 978 3014 que
1004 2957 1181 3002 voulatt
1205 2956 1273 3001 lui
1291 2956 1404 3000 taire
1424 2961 1653 3013 Dymnus.
1678 2959 1751 3008 Cf.
1786 2963 1856 3016 vl,
1876 2970 1962 3013 vn,
1988 2965 2037 3006 5.

243 3026 315 3066 14.
343 3026 495 3078 Deum,
528 3033 609 3065 sur
632 3033 687 3065 ce
716 3019 898 3076 genitis,
917 3020 983 3069 cf,
1015 3024 1086 3076 lv,
1107 3030 1172 3075 vl,
1200 3024 1311 3063 note
1336 3022 1387 3063 δ.

245 3089 313 3131 15.
345 3086 404 3129 At
430 3084 549 3129 enim
571 3094 783 3128 annonce
809 3092 903 3127 une
930 3082 1213 3127 restrictiori.
1247 3096 1275 3121 α
1291 3083 1415 3135 Mais,
1432 3083 1729 3133 dira-t-on...
1752 3099 1779 3129 ιι

244 3146 314 3193 16.
344 3148 631 3191 Eutresisset
658 3146 852 3190 biduum.
886 3146 1121 3190 Entendez
1149 3144 1424 3189 extraxisset
1453 3146 1561 3191 illos
1583 3158 1748 3203 pueros
1771 3146 1945 3192 biduum
1961 3147 2145 3203 (accus.

190 3209 252 3253 de
278 3211 456 3265 temps).
484 3207 751 3263 Extrahere,
778 3206 954 3251 trainer
982 3218 1041 3251 cn
1070 3208 1315 3261 longueur,
1344 3219 1548 3252 amuser.
1590 3213 1870 3266 compares:
1899 3210 2150 3255 Extrahere

190 3271 348 3315 bellum
374 3272 619 3317 intertium
637 3281 794 3313 annum
812 3270 882 3324 (T.
908 3269 1032 3325 Lim,
1054 3271 1268 3326 111,2).-
1294 3269 1344 3313 Si
1363 3270 1590 3316 uideretur
1612 3273 1674 3327 ei,
1704 3277 1950 3317 maturaret
1968 3273 2147 3324 πηνα

190 3344 242 3376 se
269 3333 594 3388 terqiversando
621 3336 669 3376 in
687 3333 917 3376 adventum
935 3333 1033 3386 ejus
1052 3344 1146 3376 rem
1167 3334 1470 3376 extracturum
1499 3334 1572 3389 (T.
1605 3335 1725 3391 Lim,
1752 3337 1941 3391 XXXIV,
1963 3337 2064 3389 ⁴6).

249 3396 317 3437 17.
349 3397 606 3442 Damnabat.
640 3396 701 3440 La
720 3397 853 3450 prose
876 3394 1335 3449 classiquemettrait
1361 3393 1407 3437 le
1436 3396 1695 3452 subJ'onctir
1719 3397 1747 3441 ὲ
1772 3408 1916 3442 cause
1943 3397 2006 3441 du
2023 3396 2163 3451 style.

192 3455 407 3501 indirect.
433 3458 507 3503 Cf.
534 3461 610 3515 111,
632 3469 684 3513 u,
703 3462 810 3502 note
836 3461 913 3502 27.

252 3521 316 3562 18.
345 3520 566 3577 Quemque,
596 3519 704 3576 puis
740 3519 957 3564 credulos.
1000 3517 1216 3575 syllepse
1255 3534 1268 3562 ε
1302 3518 1339 3563 il
1365 3531 1393 3574 y
1421 3531 1449 3563 a
1477 3519 1539 3565 ici
1576 3522 1740 3566 accord
1767 3532 1885 3566 avec
1924 3519 2060 3563 l'idee
2087 3518 2145 3563 de

194 3580 411 3635 plui-alite
437 3583 696 3629 renfermee
718 3582 834 3628 dans
860 3592 1079 3638 quemque,
1092 3582 1242 3636 plutot
1269 3581 1464 3637 qu’avec
1481 3584 1526 3628 le
1542 3589 1636 3628 mot
1662 3594 1863 3639 quemque
1888 3580 2143 3626 lui-meme.
