2517 3975
261 713 331 769 19

258 1071 330 1127 20

258 1160 321 1214 21

253 1606 323 1663 22

251 1874 321 1931 23

250 2858 320 2914 26

246 3035 318 3093 27

385 231 488 289 198
1144 246 1198 292 Q.
1240 246 1414 284 cunrt
1451 243 1583 285 num

383 355 578 427 qualis
597 368 736 411 sors
750 354 771 375 *
789 353 945 415 adita
964 357 1124 411 esset
1142 354 1317 411 «lovis
1339 355 1687 411 Hammonis
1702 354 1724 376 *
1745 353 1978 421 oraequ
1994 354 2038 425 *,
2063 356 2330 421 sustinuit

382 444 716 501 rescribere
737 444 776 470 ¹⁷
823 443 984 515 mihi,
1033 460 1101 499 se
1145 444 1383 514 quidem
1422 444 1716 514 gratulari
1751 444 1908 521 quod
1942 445 2006 498 in
2034 461 2331 505 numerum

382 534 627 589 deorum
664 535 938 604 reoeptus
977 549 1207 604 essem,
1246 537 1504 589 ceterum
1541 535 1815 589 misereri
1856 549 2086 605 eorum,
2127 535 2332 605 quibus

381 623 705 678 vivendum
743 623 961 679 esset¹⁸
1008 624 1119 679 sub
1166 639 1236 679 ao
1286 625 1386 694 qui
1423 624 1665 679 modum
1702 624 1961 686 hominis
2000 624 2319 685 excederet.

383 712 526 767 Haae
553 714 691 768 sunt
734 713 791 767 et
824 711 944 782 jam
980 713 1207 783 pridem
1236 712 1418 768 animi
1449 712 1688 773 alienati
1733 728 1769 766 a
1816 728 1909 767 me
1938 715 1997 771 et
2022 712 2330 777 invidentis

382 801 587 873 gloriae
611 816 758 856 meae
787 800 1027 867 indicia.
1059 799 1203 865 Quae
1232 800 1525 871 equidem,
1557 800 1798 867 militem
1839 800 2120 870 quamdiu
2146 800 2326 869 licuit,

381 890 443 955 in
469 891 661 947 animo
690 904 822 946 meo
855 889 1072 960 pressi.
1105 889 1356 949 Videbar
1392 891 1553 945 enim
1592 889 1737 945 mihi
1771 892 2001 960 partem
2037 891 2326 949 viseerum

381 995 648 1037 meorum
673 979 1045 1049 abrumpere,
1075 978 1149 1045 si,
1191 979 1254 1037 in
1294 979 1504 1049 quos¹⁹,
1536 980 1659 1035 tam
1694 994 1912 1050 magna
1950 981 2325 1057 contuleram,

381 1068 624 1124 viliores
652 1067 799 1129 mihi
827 1066 1103 1127 fenerem.
1138 1066 1258 1125 Sed
1290 1067 1417 1138 jnm
1455 1083 1577 1125 non
1605 1068 1787 1133 verba
1822 1069 2125 1141 punienda
2152 1072 2323 1139 sunt:

379 1157 598 1229 linguae
626 1156 924 1213 temeritas
952 1159 1223 1228 pervenit
1251 1158 1326 1212 ad
1347 1157 1637 1229 gladios&
1662 1158 1811 1224 Hos,
1836 1159 1890 1212 si
1910 1158 2056 1214 mihi
2077 1159 2325 1227 credine,

379 1246 643 1302 Philotas
671 1247 734 1302 in
761 1263 855 1302 me
886 1247 1069 1319 aeuit3
1105 1247 1160 1303 si
1186 1247 1324 1317 ipsi,
1356 1248 1487 1303 aeui
1517 1247 1808 1318 permisit.
1838 1247 1966 1313 Quo
1997 1264 2092 1304 me
2130 1248 2329 1303 eonfe-

377 1350 526 1401 ram,
566 1335 816 1390 milites?
852 1334 947 1390 eui
976 1338 1149 1407 eaput
1175 1350 1376 1393 meum
1403 1335 1677 1391 credam?
1703 1334 2005 1405 Equitatui
2024 1335 2070 1402 ἴ,
2100 1336 2326 1405 optimae

378 1423 671 1479 exereitus
688 1424 860 1493 parti,
886 1422 1256 1493 principibus
1278 1422 1670 1481 nobilissimae
1681 1421 2020 1492 juventutis
2035 1423 2075 1490 *,
2099 1438 2279 1479 unum
2290 1423 2331 1487 ²⁰,

376 1510 617 1583 praefeei
649 1528 662 1566 τ
692 1512 963 1580 salutem,
995 1526 1184 1581 spem,
1214 1510 1525 1567 victoriam
1554 1525 1748 1566 meam
1773 1510 1911 1567 fidei
1940 1510 2078 1583 ejus
2106 1511 2324 1581 tutelae-

377 1615 490 1672 que
510 1600 800 1657 commisi.
822 1600 1052 1659 Patrem
1069 1600 1108 1627 ²¹
1138 1600 1201 1655 in
1224 1599 1383 1656 idem
1402 1598 1730 1672 fastigium,
1753 1600 1814 1659 in
1835 1616 1950 1672 quo
1975 1615 2069 1655 me
2096 1600 2214 1670 ipsi
2230 1615 2325 1670 po-

376 1690 606 1760 suisti3‚
645 1689 881 1743 admovi
919 1707 935 1747 ι
975 1688 1249 1757 Mediam,
1291 1704 1407 1758 qua
1444 1689 1604 1749 nulla
1642 1689 1976 1758 opulentior
2014 1689 2184 1760 regio
2221 1690 2323 1757 est,

376 1781 434 1835 et
479 1780 561 1835 tot
596 1778 819 1833 civium
863 1777 1279 1848 sociorumque
1315 1777 1500 1847 millia
1538 1777 1787 1848 imperio
1826 1776 1961 1849 ejus
2000 1778 2321 1849 dicionique

375 1868 621 1939 subjeci.
643 1865 814 1925 Unde
834 1866 1179 1938 praesidium
1197 1867 1500 1938 petieram,
1524 1867 1856 1937 perieulum
1880 1868 2125 1926 exstitit.
2152 1867 2319 1937 Quam

372 1956 630 2013 feliciter
657 1956 721 2013 in
748 1956 873 2013 acie
903 1956 1274 2027 occidissem,
1292 1955 1494 2028 potius
1513 1955 1709 2016 hostis
1727 1955 1947 2027 praeda,
1979 1971 2162 2028 quam
2184 1955 2320 2014 aivis

372 2046 639 2102 victimat
672 2045 845 2102 Nune
869 2049 1139 2102 servatus
1169 2062 1243 2102 ex
1269 2044 1553 2114 perieulis
1578 2061 1710 2116 quae
1747 2045 1878 2120 sola
1902 2045 2095 2116 timui,
2121 2047 2184 2114 in
2207 2045 2321 2110 haee

373 2136 558 2192 incidi
592 2151 725 2207 quaa
760 2136 972 2192 timere
1008 2149 1127 2192 non
1162 2134 1364 2194 «hbui.
1394 2133 1616 2192 Soletis
1643 2133 1961 2206 identidem
1999 2150 2035 2190 a
2062 2152 2177 2203 me,
2215 2134 2319 2200 ini·

373 2227 528 2294 lites,
557 2228 780 2296 petere,
810 2227 875 2279 ut
901 2224 1081 2281 saluti
1109 2239 1259 2283 meae
1288 2240 1550 2294 paream.
1583 2224 1709 2294 Ipsi
1735 2223 1882 2288 mihi
1909 2228 2198 2295 praestare
2222 2238 2318 2294 po-

371 2315 576 2385 testis,
634 2315 792 2384 quod
836 2313 1102 2370 suadetis
1152 2317 1218 2369 ut
1264 2312 1502 2370 faciam.
1557 2312 1647 2372 Ad
1684 2316 1919 2375 vestras
1967 2330 2206 2383 manua,
2255 2309 2320 2370 od

371 2407 573 2460 vestra
598 2418 764 2460 arma
789 2402 1111 2475 confugio:
1135 2402 1341 2458 invitis
1368 2402 1574 2470 vobis,
1612 2402 1816 2464 salvus
1845 2417 1984 2466 esse
2012 2404 2148 2468 nole
2182 2421 2196 2458 ε
2226 2415 2316 2458 vo·

372 2493 652 2556 lentibus,
673 2507 793 2548 non
821 2508 1087 2563 possum,
1120 2492 1240 2546 nisi
1268 2491 1583 2550 vindicor?
1600 2514 1622 2542 n

443 2580 590 2638 Tum
635 2580 928 2648 Philotan,
972 2580 1247 2651 religatis
1284 2582 1418 2649 post
1454 2583 1688 2652 tergum
1724 2580 2022 2650 mamma,
2066 2580 2318 2645 obsoleto

372 2670 660 2730 amieulo*
678 2671 955 2737 velatum,
972 2669 1153 2741 jussit
1178 2668 1399 2726 induci.
1419 2669 1618 2728 Facile
1642 2671 1964 2740 apparebat
1983 2674 2177 2732 motos
2195 2682 2320 2728 esse

370 2762 491 2815 tam
517 2760 846 2815 miserabili
864 2759 1068 2814 habitu
1088 2773 1209 2813 non
1227 2759 1358 2812 sine
1379 2757 1597 2814 invidia
1612 2760 1786 2828 paulo
1804 2762 1936 2814 ante
1959 2756 2317 2831 conspeeti”.

372 2846 594 2929 Ducem
593 2848 946 2969 equitatus*
1005 2846 1153 2936 ridie
1173 2846 1472 2912 viderant,
1496 2847 1765 2902 sciebant
1794 2847 1960 2919 regis
1990 2847 2321 2903 interfuisse

372 2915 648 2994 convivio
776 2863 1021 3009 repenfe
1060 2953 1135 2992 ne
1174 2952 1342 2991 reum
1375 2935 1626 3007 quidem,
1659 2934 1765 2990 sed
1803 2936 1934 3008 jam
1973 2905 2322 3018 damnatum,

371 3028 550 3082 immo
587 3026 851 3124 vinetum
887 3025 1292 3120 intuebantur.
1341 3023 1593 3079 Subibat
1637 3024 1871 3080 animos
1915 3021 2315 3126 Parmenionis

423 3217 497 3258 17.
533 3202 755 3257 Sustinuit
785 3210 1155 3260 avael‘iniinitif.
1175 3210 1244 3262 ci.
1272 3213 1344 3265 lv,
1372 3220 1434 3260 lv,
1458 3215 1569 3260 note
1598 3217 1668 3260 ss.

423 3280 496 3321 18.
535 3270 770 3318 vivendum
787 3278 920 3326 esset.
948 3273 996 3317 le
1024 3272 1285 3328 subiunctis
1306 3272 1335 3317 a
1369 3283 1539 3320 cause
1535 3272 1616 3322 du
1648 3275 1773 3328 style
1808 3274 2030 3326 indirect.
2075 3273 2138 3320 Cl'
2167 3272 2241 3322 111.
2268 3276 2313 3314 ¹¹

371 3341 483 3439 no¹tg
490 3339 583 3439 „In
600 3403 721 3447 quoe,
736 3393 900 3446 ellipse
926 3395 985 3438 de
1011 3355 1328 3442 lanteeedent
1354 3397 1485 3448 illos.

427 3459 501 3499 m.
536 3452 692 3502 Unum.
711 3452 873 3504 ellipse
901 3452 959 3496 de
986 3455 1133 3501 illum.

426 3518 502 3559 ss.
535 3514 728 3565 Patr-ent,
748 3512 1043 3559 Parmenion.

428 3580 501 3619 22.
534 3573 861 3620 construisez:
882 3573 1046 3619 Habitu
1072 3577 1249 3636 (illiue)
1268 3584 1494 3637 ‘conspecu’
1509 3585 1644 3638 paulo
1671 3588 1775 3629 aue
1793 3593 1880 3630 uon
1906 3586 2006 3631 sine
2027 3580 2203 3632 mun·
