2517 3975
436 251 540 314 248
1192 277 1244 322 Q.
1287 263 1460 315 cun-rr
1495 273 1630 314 nim

311 382 382 438 12
436 387 574 439 sunt
610 383 840 450 tradita,
882 383 1223 460 incorrupta
1272 384 1657 455 perferemus,
1704 383 1892 455 Igitur
1936 375 2119 437 unum
2162 398 2232 437 ex
2264 382 2358 448 hie,

436 474 757 527 maximum
785 476 947 541 natu,
979 474 1237 528 locutum
1266 474 1654 545 accepimus:
1743 483 1752 487 ·

513 583 536 609 0«
579 560 643 615 Si
673 560 731 614 di
758 561 1025 615 habitum
1071 577 1174 617 coi
1177 562 1344 635 polis
1392 563 1477 616 tui
1519 562 1787 616 aviditati
1825 560 2006 615 animi
2033 577 2234 631 parem
2259 574 2363 615 esse

437 649 784 717 voluissent,
825 651 991 704 orbis
1040 655 1095 712 te
1141 665 1261 704 non
1308 653 1578 721 caperet:
1630 637 1814 704 altera
1856 665 2033 704 mauu
2078 649 2360 713 Orientem,

438 737 622 794 altera
676 739 1050 795 Occidentem
1117 742 1526 808 contingeres;
1588 742 1663 809 et,
1719 740 1831 793 hoc
1861 743 2195 806 asseclam,
2244 739 2364 793 scire

439 830 626 885 velles
668 829 773 884 ubi
810 830 956 883 tanti
995 829 1306 883 numinis¹⁸
1347 829 1553 901 fulgor
1600 828 1975 883 conderetur.
2018 827 2121 882 Sic
2168 841 2362 898 quoque

318 916 384 972 13
439 920 837 990 concupiscis,
883 935 1014 989 quae
1067 933 1187 972 non
1235 919 1419 989 capiS.
1469 917 1559 971 Ab
1609 917 1846 987 Europa
1893 919 2048 986 petis
2081 919 2295 982 Asiam,
2319 927 2364 970 ex

439 1008 581 1064 Asia
609 1009 911 1062 transisiu
941 1008 1278 1080 Europam:
1316 1007 1544 1075 deinde,
1578 1008 1632 1061 si
1662 1007 1982 1061 humanum
2013 1022 2211 1078 genus
2230 1013 2365 1061 omne

441 1097 842 1164 superaveriS,
885 1110 1017 1149 eum
1066 1095 1237 1149 silvis
1283 1099 1339 1149 et
1382 1094 1625 1148 nivibus
1666 1099 1722 1147 et
1754 1085 2102 1149 fluminibus
2143 1094 2367 1164 ferisque

318 1185 384 1240 14
440 1185 653 1239 bestiis
675 1186 954 1252 gesturus
975 1201 1041 1239 es
1059 1184 1298 1238 bellum.
1322 1183 1473 1249 Quid
1496 1183 1525 1236 ἱ)
1544 1187 1607 1237 tu
1623 1185 1865 1254 ignores
1883 1184 2135 1239 arbores
2157 1181 2369 1255 magnas

442 1274 541 1328 diu
570 1287 858 1342 crescere,
892 1290 1009 1327 uua
1048 1274 1189 1327 hora
1222 1271 1590 1344 exstirpari?
1628 1273 1858 1328 Stultus
1898 1279 2010 1342 est,
2047 1275 2153 1345 qui
2182 1275 2372 1328 fructus

442 1374 642 1414 earum
691 1365 934 1430 spectat,
986 1362 1354 1415 altitudinem
1402 1378 1522 1415 non
1560 1363 1817 1417 metitur.
1849 1361 1995 1416 Vide
2033 1378 2133 1430 ne,
2166 1362 2293 1416 dum
2320 1356 2371 1412 ad

443 1455 720 1504 cacumen
755 1450 1066 1519 pervenire
1103 1450 1436 1519 contendis,
1469 1465 1601 1504 cum
1640 1451 1793 1520 ipsis
1822 1451 2028 1517 ramiS‚
2063 1465 2216 1519 quos
2242 1464 2373 1505 com-

321 1541 390 1596 15
443 1539 853 1608 prehendet-ie,
898 1539 1156 1594 decidas.
1204 1539 1378 1593 Leo¹⁶
1426 1555 1656 1610 quoque
1689 1540 2001 1611 aliquando
2032 1540 2372 1594 minimarum

446 1628 643 1681 avium
674 1627 952 1699 pabulum
982 1627 1109 1694 ruit,
1145 1631 1200 1682 et
1230 1628 1454 1682 ferrum
1492 1628 1707 1699 rubigo
1747 1629 2069 1684 consumit.
2103 1629 2260 1682 Nihil
2284 1631 2374 1681 tam

445 1717 681 1770 firmum
711 1722 819 1787 est,
853 1719 948 1770 cui
976 1718 1306 1787 periculum
1333 1733 1448 1771 non
1479 1719 1558 1771 sit
1586 1718 1755 1771 etiam
1789 1717 1858 1771 ab
1888 1718 2172 1772 invalido,

320 1809 390 1865 16
521 1826 544 1857 α
568 1806 716 1871 Quid
742 1806 915 1860 nobis
938 1810 1126 1860 tecum
1149 1809 1240 1861 est
1261 1805 1637 1876 ‘lNumquam
1663 1810 1881 1860 terram
1910 1810 2070 1861 tuam
2088 1809 2373 1880 attigimus,

446 1896 559 1961 Qui
589 1897 882 1965 sie,-unde
920 1897 1151 1963 veniaS,
1182 1897 1397 1951 licetne
1418 1896 1458 1923 ¹⁷
1488 1897 1766 1966 ignorare
1800 1898 1861 1951 in
1892 1898 2087 1951 vastis
2118 1897 2280 1951 silvis
2304 1894 2376 1948 vi-

323 1988 388 2044 17
445 1971 772 2043 ventibus?⁴
805 1983 931 2040 Nec
971 1986 1202 2040 servire
1245 1986 1351 2039 ulli
1389 2002 1733 2056 possumuS,
1775 2002 1883 2040 nec
1921 1987 2213 2056 imperare
2248 1983 2377 2039 clesi-

448 2074 741 2129 deramus.
793 2073 954 2127 Dona
998 2074 1174 2128 nobis
1222 2074 1354 2127 data
1403 2074 1610 2141 sunt¹⁸,
1664 2088 1737 2129 ne
1783 2072 2135 2144 Scytharum
2177 2077 2376 2146 gentem

444 2164 708 2235 ignoreS,
734 2162 952 2234 jugum
981 2163 1162 2217 boum
1194 2165 1250 2217 et
1281 2167 1558 2229 arat-rum,
1583 2163 1851 2236 sagitta*,
1885 2162 2058 2217 hasta
2077 2164 2121 2229 *‚=
2145 2163 2373 2233 patera.

324 2257 391 2311 18
446 2248 555 2305 His
606 2253 828 2305 utimur
879 2258 934 2305 el.
970 2266 1107 2305 cum
1152 2250 1359 2304 amicis
1408 2254 1466 2304 et
1498 2250 1788 2305 adversus
1836 2252 2132 2307 inimicos,
2182 2251 2378 2319 Fruges

446 2340 652 2394 amicis
691 2341 919 2409 damus,
950 2338 1130 2393 boum
1160 2339 1362 2393 labore
1392 2341 1696 2408 quaesitaS,
1727 2340 1968 2409 patera*
2000 2350 2134 2393 cum
2171 2333 2377 2392 isdem¹’

444 2428 649 2482 vinum
707 2428 798 2482 dis
849 2427 1103 2481 libamus
1128 2428 1188 2495 ¹⁰,
1238 2428 1516 2481 inimicos
1569 2429 1784 2497 sagitta
1813 2430 1835 2451 ³*
1882 2429 2143 2495 eminus,
2193 2422 2376 2480 hasta*

447 2518 771 2572 comminus
808 2517 1084 2586 petimus,
1115 2517 1214 2571 Sic
1241 2514 1429 2587 Syriae
1443 2516 1485 2544 '²¹
1520 2532 1724 2585 regem
1754 2520 1809 2570 et
1849 2520 2053 2586 postea
2095 2518 2378 2570 Persarum

451 2607 870 2676 Medorumque
912 2605 1354 2676 superavimus,
1382 2601 1696 2675 'patuitque
1742 2604 2069 2667 nobisjter
2116 2617 2291 2674 usque
2329 2600 2377 2652 iu

446 2695 792 2766 AEgyptum.

501 2866 572 2908 15.
605 2861 828 2906 Numinis.
858 2864 943 2903 Les
973 2860 1165 2914 Scythes
1192 2858 1435 2907 adoraient
1460 2859 1506 2902 le
1531 2859 1687 2903 soleii.

502 2927 573 2967 16.
607 2922 714 2966 Leo.
741 2923 877 2966 Fable
905 2916 1097 2976 d’sssope
1124 2922 1186 2966 Le
1206 2918 1321 2967 Licm
1351 2926 1399 2965 et
1426 2923 1500 2965 les·
1517 2921 1738 2967 Moecha.

502 2991 574 3030 Π.
606 2985 811 3030 Licetne.
845 2985 1143 3040 Quelquefois
1168 2997 1222 3028 ne
1251 2998 1279 3027 a
1303 2995 1504 3040 presque
1529 2985 1573 3026 le
1604 2995 1713 3028 sens
1754 2984 1813 3028 de
1849 2995 2007 3027 nonne
2041 2984 2239 3029 Videmus
2270 2990 2317 3023 ne
2341 2977 2377 3018 ⁸3

443 3049 571 3106 pueri
600 3060 653 3090 ne
682 3048 936 3091 verberibus·
960 3048 1135 3100 quidem
1161 3058 1188 3089 a
1216 3047 1563 3102 contemplandis
1592 3047 1721 3089 rebus
1743 3046 2138 3101 perquirendisque
2168 3048 2378 3089 detumu-

452 3110 557 3155 tur?
585 3114 792 3168 Voyons·
800 3121 915 3152 nous
940 3109 1039 3164 (ne
1046 3120 1237 3164 voyons-
1238 3120 1357 3155 nous
1377 3108 1482 3164 pas)
1508 3119 1685 3151 comme
1713 3108 1782 3152 les
1806 3108 1989 3152 elisants
2008 3120 2070 3152 ne
2089 3112 2282 3163 peuvent
2303 3103 2378 3145 etro

447 3172 712 3225 demun-nes,
744 3172 890 3214 meme
922 3183 1004 3226 par
1032 3173 1104 3216 les
1131 3183 1295 3226 coups,
1341 3172 1398 3214 de
1427 3172 1473 3214 la
1500 3170 1865 3249 contemplation
1895 3177 1942 3215 et
1968 3172 2027 3216 de
2056 3165 2378 3222 l'investigation

449 3237 532 3279 des
558 3235 754 3277 choses?
782 3235 908 3289 (Cim,
929 3235 1046 3288 Flu„
1074 3238 1122 3284 V,
1154 3235 1242 3288 18).

501 3296 728 3340 18:120120
756 3296 859 3337 data
888 3300 1012 3338 sunt.
1042 3296 1113 3344 Cf.
1148 3296 1394 3348 Herodoto,
1422 3299 1490 3350 IV,

501 3361 574 3402 19.
607 3357 748 3400 Isdem
769 3368 882 3411 pour
909 3358 1087 3400 eisdem.
1114 3358 1184 3401 Cf.
1216 3361 1265 3413 V,
1291 3370 1396 3408 xm,
1428 3363 1542 3403 noto
1565 3363 1613 3402 ’1.

498 3425 575 3465 20.
609 3419 831 3464 Liburnus.
867 3419 960 3471 Cf„
990 3431 1069 3461 sur
1092 3431 1146 3462 ce
1176 3426 1291 3474 mot,
1310 3423 1362 3475 V,
1388 3432 1437 3471 n,
1463 3425 1571 3463 note
1598 3420 1667 3463 13.
2191 3438 2200 3447 ·

406 3526 412 3532 ‚
502 3485 577 3527 21.
611 3481 767 3535 Syriae,
797 3480 930 3522 e’est-
934 3449 983 3522 ἐ·
985 3480 1084 3523 dire
1112 3482 1328 3537 Ainyra,
1357 3494 1534 3526 comme
1563 3486 1612 3536 V,
1644 3495 1675 3536 1,
1703 3487 1779 3527 35.
1801 3487 1884 3527 Les
1914 3484 2110 3539 Scythes
2132 3477 2383 3526 tranensem

453 3547 498 3588 le
515 3544 680 3585 Tanais
704 3552 808 3582 vers
836 3540 917 3582 625
941 3546 988 3582 et
1012 3541 1313 3593 penem-erent
1335 3555 1397 3587 en
1424 3544 1587 3598 Medie,
1610 3556 1668 3588 au
1687 3550 1889 3588 moment
1909 3558 1970 3590 ou
1990 3548 2036 3590 le
2053 3546 2121 3589 roi
2144 3545 2225 3587 des
2241 3539 2381 3585 liedes

455 3608 673 3659 cyaxare,
711 3598 959 3659 sseiegesit
1002 3599 1189 3644 Ninive.
1233 3604 1294 3645 ns
1317 3594 1535 3647 'delirent
1575 3605 1825 3657 lesxedes
1869 3611 1918 3650 et
1953 3605 2184 3651 resterent
2209 3598 2382 3658 ponunt
