2517 3975
323 978 393 1032 23

322 1329 390 1384 24

324 1506 394 1564 25

326 1860 396 1916 26

324 2304 392 2360 27

448 226 555 282 348
1214 239 1269 285 Q.
1310 238 1482 278 curm
1518 238 1656 278 nur-1

449 365 557 404 nee
586 349 647 402 in
677 363 827 403 nave
848 346 1176 403 subsistere
1206 346 1476 412 audebat,
1509 343 1824 400 identidem
1853 345 2258 417 praesentibus
2283 360 2405 414 gra-

449 438 635 504 viora,
669 452 800 507 quae
830 438 1242 506 sequerentur,
1275 436 1652 503 exspectans·
1677 433 1807 500 Vix,
1841 448 1979 503 quae
2006 432 2403 503 perpetieban-

448 529 563 595 tur,
590 525 796 602 videre
827 525 994 595 ipsos
1012 524 1051 552 ²¹
1092 524 1433 590 credebant,
1464 523 1526 576 in
1575 523 1734 578 sicco
1780 520 2118 594 naufragia,
2158 524 2224 577 in
2265 525 2405 577 amni

447 630 637 670 mare.
675 614 798 669 Nee
831 613 969 667 finis
998 613 1323 667 malorum:
1356 612 1576 683 quippe
1615 614 1828 667 aestum
1856 611 2036 681 paulo
2081 615 2219 681 post
2260 627 2406 667 mare

444 703 794 770 relaturum,
824 716 941 771 quo
970 700 1211 772 navigia
1249 699 1667 769 allevarentur,
1699 698 1920 771 ignari,
1945 698 2165 754 famem
2194 702 2254 755 et
2280 702 2408 756 ,ulti-

445 805 542 845 ma
571 790 810 846 sibimet
838 789 1272 844 ominabantur.
1293 787 1496 844 Beluae
1520 801 1772 859 quoque,
1793 786 2076 842 fluctibus
2103 787 2406 856 destitutae‚

446 880 744 936 terribiles
773 878 1159 950 vagabantur.
1638 877 1645 886 ”

516 969 763 1040 Jamque
802 982 924 1022 nox
960 966 1294 1038 appetebat,
1327 969 1384 1021 et
1420 981 1625 1038 regem
1666 981 1896 1038 quoque
1934 967 2281 1038 desperatio
2316 984 2409 1022 sa-

447 1058 587 1111 lutis
642 1056 991 1128 aegritudine
1039 1053 1337 1111 affecerat.
1388 1056 1523 1111 Non
1575 1058 1773 1110 tamen
1817 1056 2104 1111 invictum
2160 1057 2411 1112 animum

447 1159 604 1199 curae
635 1145 910 1208 obruunt,
946 1145 1087 1214 quin
1115 1145 1232 1198 tota
1268 1146 1438 1198 nocte
1474 1142 1809 1213 persideret
1837 1144 1897 1197 in
1926 1146 2221 1215 speculis,
2256 1148 2407 1218 equi-

448 1237 653 1303 tesque
682 1232 1071 1301 praemitteret
1097 1232 1168 1285 ad
1200 1247 1271 1286 os
1291 1232 1504 1302 amnis,
1523 1236 1606 1299 ut,
1640 1247 1774 1286 eum
1801 1248 1964 1288 mare
1989 1250 2211 1289 rursus
2242 1251 2410 1289 exaffl-

445 1324 612 1375 tuare
648 1321 1003 1386 sensissent,
1043 1320 1469 1391 praecederent.
1508 1320 1762 1394 Navigia
1802 1336 2031 1393 quoque
2072 1326 2129 1377 et
2166 1323 2410 1379 lacerata

446 1409 632 1476 refici,
673 1413 729 1464 et
767 1425 978 1477 eversa
1022 1409 1303 1463 fluctibus
1351 1408 1506 1480 erigi
1550 1408 1740 1481 jubet,
1781 1412 2140 1481 paratosque
2185 1427 2323 1467 esse
2363 1414 2409 1465 et

448 1500 729 1566 intentosz,
761 1514 894 1553 cum
923 1512 1134 1552 rursus
1161 1512 1329 1552 mare
1356 1500 1545 1552 terras
1574 1496 1940 1552 inundasset.
1974 1498 2122 1552 Tota
2150 1514 2224 1553 ea
2256 1503 2409 1555 noete

449 1588 603 1642 inter
657 1586 898 1657 vigilias
965 1586 1521 1655 adhortationesque
1586 1586 1934 1654 consumpta
1955 1625 1968 1652 ‚
2027 1586 2312 1644 celeriter
2362 1591 2408 1641 et

449 1677 678 1749 equites
716 1675 947 1747 ingenti
993 1690 1174 1730 cursu
1220 1674 1515 1748 refugere,
1557 1676 1614 1730 et
1661 1677 1900 1730 secutus
1938 1677 2031 1730 est
2069 1679 2284 1731 aestus,
2312 1676 2405 1741 Qui

449 1765 660 1836 prime,
694 1765 864 1833 aquis
889 1764 1009 1818 leni
1038 1765 1227 1818 tractu
1257 1762 1673 1832 subeuntibuS,
1706 1763 1883 1834 coepit
1911 1764 2112 1819 levare
2143 1766 2401 1836 navigia:

449 1868 609 1922 mox,
637 1852 775 1907 totis
804 1853 1029 1922 campis
1059 1852 1383 1918 inundatis,
1408 1852 1581 1906 etiam
1608 1851 1838 1921 impulit
1867 1851 2142 1907 classem.
2166 1853 2402 1908 Plausus

449 1942 701 1997 militum
730 1940 1234 2011 nauticorumque,
1260 1940 1623 2012 insperatam
1653 1940 1902 1996 salutem
1925 1941 2252 1998 immodico
2277 1942 2403 2000 eele-

448 2031 747 2091 brantium
786 2030 1027 2101 gaudi0‚
1063 2029 1364 2084 littoribus
1402 2029 1669 2098 ripisque
1708 2030 2047 2086 resonabat.
2083 2031 2258 2086 Unde
2294 2035 2403 2086 tan·

449 2121 571 2174 tum
609 2121 866 2175 redisset
908 2119 1104 2173 subito
1146 2134 1342 2181 mare,
1379 2132 1494 2189 quo
1531 2117 1723 2187 pridie
1766 2117 2111 2191 refugisset,
2148 2135 2402 2191 quasnam
2480 2108 2481 2143 ³

450 2211 609 2265 esset
636 2208 904 2279 ejusdem
936 2206 1207 2262 elementi
1236 2209 1466 2273 natura,
1492 2206 1663 2260 modo
1692 2206 1948 2274 discors,
1971 2208 2147 2264 modo
2168 2209 2401 2279 imperio

447 2301 777 2369 temporum
806 2297 1082 2364 obnoxia,
1114 2293 1449 2350 mirabundi
1475 2294 1876 2367 requirebant.
1902 2297 2036 2352 Rex
2053 2314 2187 2353 cum
2218 2314 2293 2354 ex
2315 2313 2398 2360 eo.

448 2385 603 2456 quod
634 2384 941 2450 accideret,
972 2382 1336 2454 conjectaret
1352 2383 1490 2451 post
1510 2382 1658 2436 solis
1678 2385 1874 2437 ortum
1894 2385 2111 2438 statum
2127 2387 2346 2454 tempus
2363 2383 2399 2409 '¹

450 2488 609 2543 esse,
640 2473 828 2528 media
855 2476 1049 2541 nocte,
1073 2474 1137 2526 ut
1165 2473 1377 2525 aestum
1408 2477 1716 2539 occuparet
1732 2471 1791 2536 ²⁸,
1824 2487 1959 2526 cum
1998 2473 2203 2542 paucis
2243 2471 2397 2527 navi·

448 2562 567 2636 giis
595 2562 856 2617 secundo
870 2561 913 2588 ¹⁴
937 2576 1109 2615 amne
1138 2559 1403 2616 defluxit.
1438 2558 1813 2632 Evectusque
1841 2576 1913 2616 os
1941 2560 2096 2632 ejuS,
2123 2577 2264 2617 cccc
2288 2564 2397 2615 sta-
2476 2590 2477 2617 f

447 2653 543 2708 dia
562 2651 582 2670 '‘
610 2651 900 2722 processit
929 2651 991 2704 in
1021 2666 1204 2718 mare,
1235 2647 1468 2704 tandem
1517 2649 1641 2703 voti
1684 2649 1777 2703 sui
1810 2665 2058 2720 compos
2088 2668 2100 2704 :
2143 2648 2395 2721 praesidi·
2476 2636 2477 2641 ἵ

446 2743 679 2812 busque
708 2745 763 2796 et
792 2739 974 2795 maris
1004 2742 1059 2794 et
1087 2739 1351 2795 locorum
1371 2737 1466 2791 dis
1484 2737 1525 2765 ²⁸
1554 2737 1845 2794 sacrificio
1867 2737 2046 2809 facto,
2068 2740 2140 2794 ad
2159 2739 2391 2796 classem

446 2830 640 2886 rediit.

495 3028 565 3067 2¹.
596 3021 721 3075 Ipsos
748 3030 869 3074 pour
900 3031 965 3063 ae.

494 3089 562 3129 22.
597 3083 794 3136 Tempus,
820 3092 939 3128 s.-e.
968 3083 1116 3136 xatus,
1140 3081 1185 3124 le
1213 3086 1417 3125 moment
1440 3082 1497 3128 de
1520 3083 1568 3130 la
1601 3079 1769 3128 meree.

496 3150 571 3190 93.
605 3143 858 3199 amparet,
881 3143 1128 3198 devancer,
1160 3141 1394 3199 prevenir.

495 3212 564 3251 24.
596 3205 790 3251 Secundo
809 3205 900 3261 (qui
921 3203 1153 3260 sequitur).

495 3272 564 3313 25.
593 3266 694 3318 Dia,
721 3265 911 3310 l‘Ocean
939 3270 986 3310 et
1012 3265 1227 3322 Thethys.
