2517 3975
558 255 942 296 11181011111111111
980 253 1312 295 ΑιΕΧΑΝοῃι
1351 257 1472 304 vm,
1516 257 1595 293 lv.
1956 241 2061 293 275

116 367 491 432 pervenerat:
532 380 641 434 quo
678 365 843 430 viso,
890 378 1024 431 rex,
1066 378 1419 434 quamquam
1462 364 1591 433 ipse
1635 366 1760 416 tum
1806 364 2061 419 maxime

115 453 336 507 admoto
365 454 506 524 igne
533 445 837 507 refovebat
863 456 1050 516 0111118,
1091 467 1164 506 ex
1202 452 1348 506 sella
1378 468 1487 506 sua
1524 450 1786 518 exsiluit,
1817 455 2059 522 torpen-

115 544 332 611 temque
379 542 646 610 militem,
688 545 744 594 et
773 542 879 594 vix
916 543 1246 610 compotem
1285 541 1520 606 mentia,
1562 541 1817 610 demptis
1860 542 2063 612 armiS,

116 630 167 683 iu
196 646 297 685 sua
325 632 468 685 sede
494 629 678 701 jussit
707 630 1037 686 considere.
1071 629 1173 683 Ille
1210 629 1310 682 diu
1340 646 1470 698 nec,
1500 629 1603 685 ubi
1641 630 2062 701 requiesceret,

118 735 231 786 nec,
260 736 292 773 a
321 736 434 790 quo
465 724 624 774 esset
652 721 956 789 exceptuS,
990 719 1256 790 agnovit.
1291 720 1569 786 Tandem,
1599 722 1838 789 recepto
1868 720 2063 775 calore

117 805 279 875 vitali,
321 810 384 861 ut
429 808 662 879 regiam
708 807 911 861 sedem
950 822 1273 878 regemque
1318 807 1491 879 vidit,
1538 807 1781 861 territus
1831 809 2055 877 surgit.

117 895 280 960 Quem
303 897 543 951 intuens
569 895 942 951 Alexander:
978 917 1000 943 «
1032 896 1257 966 Ecquid
1287 896 1597 967 intelligis,
1628 896 1820 963 miles,
1852 895 2062 966 inquit,

118 989 314 1057 quanto
357 988 607 1042 meliore
647 989 808 1041 sorte
849 1001 1026 1057 quam
1067 986 1268 1040 Persae
1313 986 1425 1041 sub
1471 1002 1617 1055 rege
1646 987 1906 1041 vivatis?
1938 985 2063 1041 Illis

118 1078 258 1130 enim
286 1079 347 1132 in
375 1078 527 1132 sella
548 1075 705 1148 regis
735 1076 1079 1130 consedisse
1109 1076 1322 1147 capital
1347 1075 1520 1141 foret,
1545 1076 1651 1130 tibi
1674 1076 1852 1130 saluti
1878 1075 2009 1132 fuit.
2037 1096 2061 1127 2

178 1164 412 1221 Postero
444 1166 561 1235 die,
585 1164 928 1220 convocatis
957 1165 1166 1218 amicis
1198 1164 1619 1235 copiarumque
1638 1164 2066 1235 ducibus,pro-

120 1255 355 1308 nuntiari
386 1253 581 1326 jussit
625 1254 822 1324 ipsum
869 1253 1085 1319 omnia,
1117 1268 1248 1323 quae
1296 1252 1517 1307 amissa
1547 1255 1767 1321 essent,
1809 1254 2070 1309 redditu-

119 1342 251 1395 rum.
280 1341 352 1397 Et
377 1343 680 1413 promisso
718 1338 911 1394 fides¹¹
944 1340 1237 1394 exstitit¹².
1285 1341 1436 1395 Nam
1485 1339 1852 1395 Sisimithres
1889 1342 2069 1395 multa

115 1427 357 1497 jumenta
415 1433 475 1485 et
520 1430 879 1484 camelorum
938 1445 983 1482 11
1041 1430 1225 1483 millia
1272 1428 1531 1499 adduxit,
1577 1430 1964 1500 pecoraque¹⁸
2011 1433 2070 1483 et

117 1521 358 1574 armenta
395 1534 408 1574 :
444 1534 596 1590 quae,
629 1517 942 1571 distributa
962 1518 1202 1587 pariter,
1224 1518 1469 1572 militem
1498 1521 1555 1571 et
1584 1517 1798 1571 damno
1830 1519 1887 1571 et
1915 1516 2069 1571 fame

119 1605 536 1663 liberaverunt.
578 1608 728 1673 Rex,
760 1607 1013 1678 gratiam
1055 1605 1170 1661 sibi
1207 1607 1455 1661 relatam
1484 1623 1517 1660 a
1549 1605 1885 1661 Sisimithre
1911 1622 2067 1675 prae-

120 1693 268 1765 fatue,
304 1713 414 1752 sex
464 1696 697 1750 dierum
746 1698 914 1750 cocta
955 1696 1182 1750 cibaria
1220 1695 1378 1750 ferre
1408 1696 1630 1750 milites
1650 1695 1856 1766 jussit,
1888 1694 2069 1749 Sacas

118 1785 324 1852 petens.
343 1786 559 1840 Totam
587 1783 739 1838 hanc
763 1784 1065 1854 regionem
1087 1783 1500 1854 depopulatuS,
1522 1801 1646 1839 xxx
1673 1784 1855 1838 millia
1881 1800 2065 1853 peco-

119 1886 233 1927 rum
259 1890 332 1928 ex
358 1872 567 1944 praeda
599 1872 926 1926 Sisimithri
964 1872 1119 1927 dono
1150 1873 1268 1927 dat.

181 1962 312 2019 Inde
331 1963 613 2034 pervenit
631 1961 693 2016 in
714 1962 1035 2034 regionem,
1055 1962 1151 2017 cui
1170 1949 1480 2033 OxyarteS,
1502 1962 1804 2034 satrapes*
1825 1954 2067 2030 nobilis,

121 2055 370 2118 praeerat,
417 2052 522 2122 qui
569 2066 636 2105 se
681 2051 848 2122 regis
892 2052 1168 2121 potestati
1204 2049 1456 2121 fideique
1484 2037 1776 2121 permisit.
1808 2050 1931 2118 Ille,
1961 2051 2073 2104 im-

122 2140 268 2207 perio
299 2143 354 2197 01
380 2141 637 2209 reddite,
668 2139 828 2193 haud
859 2140 1135 2210 ampliuS,
1166 2156 1338 2212 quam
1373 2142 1437 2194 ut
1462 2138 1578 2195 duo
1606 2156 1680 2196 ex
1707 2140 1898 2195 tribus
1927 2139 2072 2194 filiis

123 2242 305 2284 secum
344 2229 692 2293 militarent,
737 2229 956 2299 exegit.
1004 2227 1285 2298 Satrapes
1329 2229 1504 2283 etiam
1552 2244 1703 2295 eum,
1749 2229 1851 2299 qui
1886 2244 2072 2300 penes

122 2316 300 2387 ipsfi'm
326 2318 799 2390 relinquebatur,
821 2318 1017 2371 tradit.
1050 2318 1314 2372 Barbara
1347 2317 1646 2389 opulentia
1674 2317 2010 2373 convivium
2026 2315 2068 2384 *,

123 2421 224 2477 quo
252 2424 459 2481 regem
505 2406 843 2476 accipiebat,
880 2405 1263 2463 instruxerat.
1312 2407 1379 2460 Id
1427 2423 1560 2461 cum
1589 2405 1769 2460 multa
1800 2406 2073 2462 comitate

124 2496 578 2566 celebraretur¹‘,
620 2494 915 2549 introduci
945 2513 1069 2549 xxx
1098 2495 1335 2550 nobiles
1371 2495 1643 2568 virgines
1663 2495 1877 2567 jussit.
1917 2494 2076 2549 Inter

124 2600 261 2656 quas
309 2586 437 2641 erat
475 2584 597 2638 filia
649 2584 864 2655 ipsine,
937 2584 1180 2640 Roxane
1237 2586 1501 2653 nomine,
1554 2585 1768 2662 eximia
1807 2584 2075 2655 corporis

124 2675 324 2743 specie,
352 2677 410 2730 et
437 2674 649 2728 decore
677 2672 913 2727 habitus
944 2674 1005 2727 in
1037 2673 1313 2729 barbaris
1343 2690 1503 2729 raro,
1534 2671 1689 2741 Quae,
1722 2680 2074 2745 quamquam

122 2760 261 2818 inter
290 2763 510 2819 electas
555 2765 954 2833 processerat,
997 2763 1260 2817 omnium
1307 2765 1504 2818 tamen
1546 2763 1749 2817 oculos
1786 2764 2075 2818 convertit

122 2850 176 2904 in
212 2868 296 2921 se,
340 2851 599 2906 maxime
635 2849 822 2922 regis,
869 2850 1062 2905 minus
1094 2851 1218 2921 jam
1256 2851 1696 2922 cupiditatibus
1722 2851 1851 2906 suis
1890 2852 2076 2922 impe·-

121 2942 296 2994 rantis
328 2940 481 2995 inter
513 2940 800 3011 obsequia
829 2938 1098 3006 fortunae,
1131 2942 1335 2995 contra
1375 2954 1548 3009 quam
1585 2954 1705 2993 nan
1736 2940 1881 2995 satis
1906 2941 2076 2995 cauta

121 3028 490 3082 mortalitas¹⁸
519 3030 628 3082 est.
660 3027 860 3098 Itaque
891 3027 1011 3094 ille,
1037 3029 1137 3097 qui
1158 3043 1403 3082 uxorem
1422 3028 1609 3094 Darii,
1640 3028 1738 3099 qui
1754 3028 1903 3082 duas
1920 3028 2077 3082 filias

66 3144 67 3149 κ
123 3115 403 3188 virgines,
451 3117 670 3190 quibus
717 3116 908 3171 forma
947 3121 1168 3187 praeter
1214 3117 1507 3172 Roxanen
1556 3118 1888 3189 comparari
1916 3116 2078 3173 nulla

170 3348 242 3393 11.
274 3346 426 3396 Fides,
471 3352 531 3391 La
559 3345 728 3392 fidelite
758 3346 785 3390 a
811 3348 853 3391 la
882 3353 1141 3401 premense-

170 3412 236 3453 12.
266 3410 478 3465 Eas-stitit,
513 3410 568 3455 de
599 3410 790 3455 esaiam.

173 3475 241 3517 13.
277 3472 457 3529 Pet-ora,
484 3475 529 3517 10
557 3474 673 3528 petit
703 3471 864 3517 betail.
886 3473 1106 3523 Armenta,
1125 3471 1171 3515 10
1192 3475 1299 3525 gros
1319 3471 1461 3517 betail
1488 3473 1691 3528 (boeurs).

174 3533 240 3578 14.
270 3534 371 3579 Cum
399 3535 623 3590 temporel
656 3545 770 3578 avec
799 3535 845 3578 10
874 3533 1139 3587 subjunctis.
1171 3534 1243 3577 Cf.
1274 3537 1349 3587 111,
1381 3543 1447 3589 iv,
1480 3539 1588 3580 note
1614 3541 1656 3580 3;

174 3597 242 3640 15.
272 3596 541 3651 Mortalitas,
569 3594 856 3641 c‘est-a-dire
887 3594 1102 3640 hominum
1124 3598 1303 3640 natura.

2122 633 2190 688 16

2120 722 2187 776 17

2105 1151 2191 1223 '18

2122 1346 2194 1402 19

2122 1613 2196 1670 20

2124 1971 2192 2027 21·

2127 2239 2196 2293 22

2129 2684 2199 2741 24

2130 3041 2274 3139 25.
