<?xml version="1.0" encoding="UTF-8"?>
<!DOCTYPE html PUBLIC "-//W3C//DTD XHTML 1.0 Transitional//EN"
    "http://www.w3.org/TR/xhtml1/DTD/xhtml1-transitional.dtd">
<html xmlns="http://www.w3.org/1999/xhtml" xml:lang="en" lang="en">
 <head>
  <title>
</title>
<meta http-equiv="Content-Type" content="text/html;charset=utf-8" />
  <meta name='ocr-system' content='tesseract 3.04.00' />
  <meta name='ocr-capabilities' content='ocr_page ocr_carea ocr_par ocr_line ocrx_word'/>
</head>
<body>
  <div class='ocr_page' id='page_1' title='image "./qcurtirufihisto00brelgoog_0405.png"; bbox 0 0 2517 3975; ppageno 0'>
   <div class='ocr_carea' id='block_1_1' title="bbox 678 209 2174 273">
    <p class='ocr_par' dir='ltr' id='par_1_1' title="bbox 678 209 2174 273">
     <span class='ocr_line' id='line_1_1' title="bbox 678 209 2174 273; baseline 0.001 -12"><span class='ocrx_word' id='word_1_1' title='bbox 678 223 1071 261; x_wconf 72' lang='lat' dir='ltr'>ms‘ronumun</span> <span class='ocrx_word' id='word_1_2' title='bbox 1111 222 1464 271; x_wconf 49' lang='lat' dir='ltr'>ammom,</span> <span class='ocrx_word' id='word_1_3' title='bbox 1504 223 1565 272; x_wconf 84' lang='lat' dir='ltr'>x,</span> <span class='ocrx_word' id='word_1_4' title='bbox 1606 222 1689 273; x_wconf 61' lang='lat' dir='ltr'>tv,</span> <span class='ocrx_word' id='word_1_5' title='bbox 2070 209 2174 263; x_wconf 76' lang='lat'>365</span> 
     </span>
    </p>
   </div>
   <div class='ocr_carea' id='block_1_2' title="bbox 195 331 2177 670">
    <p class='ocr_par' dir='ltr' id='par_1_2' title="bbox 195 331 2177 670">
     <span class='ocr_line' id='line_1_2' title="bbox 199 331 2175 404; baseline 0 -17"><span class='ocrx_word' id='word_1_6' title='bbox 199 333 383 387; x_wconf 90' lang='lat' dir='ltr'>vobis</span> <span class='ocrx_word' id='word_1_7' title='bbox 404 333 715 404; x_wconf 80' lang='lat' dir='ltr'>juniorum</span> <span class='ocrx_word' id='word_1_8' title='bbox 734 332 752 359; x_wconf 88' lang='lat'>&#39;¹</span> <span class='ocrx_word' id='word_1_9' title='bbox 785 332 979 398; x_wconf 81' lang='lat' dir='ltr'>habui,</span> <span class='ocrx_word' id='word_1_10' title='bbox 1012 335 1067 384; x_wconf 89' lang='lat' dir='ltr'>et</span> <span class='ocrx_word' id='word_1_11' title='bbox 1098 346 1205 385; x_wconf 89' lang='lat' dir='ltr'>vos</span> <span class='ocrx_word' id='word_1_12' title='bbox 1223 345 1493 383; x_wconf 86' lang='lat' dir='ltr'>meorum</span> <span class='ocrx_word' id='word_1_13' title='bbox 1516 331 1774 400; x_wconf 89' lang='lat' dir='ltr'>militum</span> <span class='ocrx_word' id='word_1_14' title='bbox 1802 334 2039 400; x_wconf 83' lang='lat' dir='ltr'>corpori</span> <span class='ocrx_word' id='word_1_15' title='bbox 2069 335 2175 387; x_wconf 88' lang='lat' dir='ltr'>im-</span> 
     </span>
     <span class='ocr_line' id='line_1_3' title="bbox 197 419 2177 493; baseline 0 -16"><span class='ocrx_word' id='word_1_16' title='bbox 197 422 438 477; x_wconf 80' lang='lat' dir='ltr'><strong>miscui.</strong></span> <span class='ocrx_word' id='word_1_17' title='bbox 472 421 634 476; x_wconf 89' lang='lat' dir='ltr'>ldem</span> <span class='ocrx_word' id='word_1_18' title='bbox 665 420 921 485; x_wconf 82' lang='lat' dir='ltr'>habituS,</span> <span class='ocrx_word' id='word_1_19' title='bbox 952 421 1155 475; x_wconf 88' lang='lat' dir='ltr'>eadem</span> <span class='ocrx_word' id='word_1_20' title='bbox 1200 434 1367 473; x_wconf 88' lang='lat' dir='ltr'>arma</span> <span class='ocrx_word' id='word_1_21' title='bbox 1412 422 1551 473; x_wconf 85' lang='lat' dir='ltr'>sunt</span> <span class='ocrx_word' id='word_1_22' title='bbox 1582 421 1778 475; x_wconf 81' lang='lat' dir='ltr'>vohis,</span> <span class='ocrx_word' id='word_1_23' title='bbox 1817 419 2177 493; x_wconf 74' lang='lat' dir='ltr'>Obsequium</span> 
     </span>
     <span class='ocr_line' id='line_1_4' title="bbox 196 509 2177 582; baseline 0.001 -16"><span class='ocrx_word' id='word_1_24' title='bbox 196 528 352 566; x_wconf 89' lang='lat' dir='ltr'>vero</span> <span class='ocrx_word' id='word_1_25' title='bbox 382 514 439 566; x_wconf 88' lang='lat' dir='ltr'>et</span> <span class='ocrx_word' id='word_1_26' title='bbox 476 510 752 580; x_wconf 87' lang='lat' dir='ltr'>patientia</span> <span class='ocrx_word' id='word_1_27' title='bbox 793 510 1027 579; x_wconf 90' lang='lat' dir='ltr'>imperii</span> <span class='ocrx_word' id='word_1_28' title='bbox 1094 509 1271 580; x_wconf 86' lang='lat' dir='ltr'>louge</span> <span class='ocrx_word' id='word_1_29' title='bbox 1307 510 1685 577; x_wconf 71' lang='lat' dir='ltr'><strong>praestantior</strong></span> <span class='ocrx_word' id='word_1_30' title='bbox 1724 514 1815 564; x_wconf 90' lang='lat' dir='ltr'>est</span> <span class='ocrx_word' id='word_1_31' title='bbox 1860 527 2036 582; x_wconf 80' lang='lat' dir='ltr'>quam</span> <span class='ocrx_word' id='word_1_32' title='bbox 2081 528 2177 567; x_wconf 87' lang='lat' dir='ltr'>ce-</span> 
     </span>
     <span class='ocr_line' id='line_1_5' title="bbox 195 596 2176 670; baseline 0 -16"><span class='ocrx_word' id='word_1_33' title='bbox 195 601 373 656; x_wconf 76' lang='lat' dir='ltr'>teris,</span> <span class='ocrx_word' id='word_1_34' title='bbox 403 599 567 670; x_wconf 82' lang='lat' dir='ltr'>Ergo</span> <span class='ocrx_word' id='word_1_35' title='bbox 596 600 727 669; x_wconf 91' lang='lat' dir='ltr'>ipse</span> <span class='ocrx_word' id='word_1_36' title='bbox 758 598 1031 669; x_wconf 73' lang='lat' dir='ltr'><strong>Oxyartis</strong></span> <span class='ocrx_word' id='word_1_37' title='bbox 1064 596 1267 652; x_wconf 84' lang='lat' dir='ltr'>Persae</span> <span class='ocrx_word' id='word_1_38' title='bbox 1296 596 1476 651; x_wconf 90' lang='lat' dir='ltr'>filiam</span> <span class='ocrx_word' id='word_1_39' title='bbox 1500 597 1519 623; x_wconf 77' lang='lat'>⁸</span> <span class='ocrx_word' id='word_1_40' title='bbox 1549 613 1777 651; x_wconf 89' lang='lat' dir='ltr'>mecum</span> <span class='ocrx_word' id='word_1_41' title='bbox 1805 600 2176 655; x_wconf 86' lang='lat' dir='ltr'>matrimonio</span> 
     </span>
    </p>
   </div>
   <div class='ocr_carea' id='block_1_3' title="bbox 191 686 2236 762">
    <p class='ocr_par' dir='ltr' id='par_1_3' title="bbox 191 686 2236 762">
     <span class='ocr_line' id='line_1_6' title="bbox 191 686 2236 762; baseline 0 -18"><span class='ocrx_word' id='word_1_42' title='bbox 191 690 398 762; x_wconf 83' lang='lat' dir='ltr'>junxi,</span> <span class='ocrx_word' id='word_1_43' title='bbox 436 705 556 743; x_wconf 89' lang='lat' dir='ltr'>non</span> <span class='ocrx_word' id='word_1_44' title='bbox 605 687 998 758; x_wconf 61' lang='lat' dir='ltr'>dedignatus*⁹</span> <span class='ocrx_word' id='word_1_45' title='bbox 1036 702 1111 741; x_wconf 84' lang='lat' dir='ltr'>ex</span> <span class='ocrx_word' id='word_1_46' title='bbox 1160 686 1392 755; x_wconf 87' lang='lat' dir='ltr'>captiva</span> <span class='ocrx_word' id='word_1_47' title='bbox 1442 686 1663 741; x_wconf 83' lang='lat' dir='ltr'>liberos</span> <span class='ocrx_word' id='word_1_48' title='bbox 1712 686 1918 742; x_wconf 88' lang='lat' dir='ltr'>tollere</span> <span class='ocrx_word' id='word_1_49' title='bbox 1938 688 1995 741; x_wconf 84' lang='lat'>¹⁰.</span> <span class='ocrx_word' id='word_1_50' title='bbox 2039 689 2177 744; x_wconf 87' lang='lat' dir='ltr'>Mox</span> <span class='ocrx_word' id='word_1_51' title='bbox 2230 738 2236 743; x_wconf 93' lang='lat'><em>.</em></span> 
     </span>
    </p>
   </div>
   <div class='ocr_carea' id='block_1_4' title="bbox 194 774 2177 936">
    <p class='ocr_par' dir='ltr' id='par_1_4' title="bbox 194 774 2177 936">
     <span class='ocr_line' id='line_1_7' title="bbox 197 774 2175 850; baseline 0 -18"><span class='ocrx_word' id='word_1_52' title='bbox 197 778 441 843; x_wconf 88' lang='lat' dir='ltr'>deinde,</span> <span class='ocrx_word' id='word_1_53' title='bbox 465 793 597 831; x_wconf 90' lang='lat' dir='ltr'>cum</span> <span class='ocrx_word' id='word_1_54' title='bbox 629 778 875 846; x_wconf 89' lang='lat' dir='ltr'>stirpem</span> <span class='ocrx_word' id='word_1_55' title='bbox 908 776 1152 847; x_wconf 82' lang='lat' dir='ltr'>generis</span> <span class='ocrx_word' id='word_1_56' title='bbox 1175 774 1294 829; x_wconf 88' lang='lat' dir='ltr'>mei</span> <span class='ocrx_word' id='word_1_57' title='bbox 1314 775 1492 828; x_wconf 86' lang='lat' dir='ltr'>latius</span> <span class='ocrx_word' id='word_1_58' title='bbox 1516 791 1847 846; x_wconf 83' lang='lat' dir='ltr'>propagare</span> <span class='ocrx_word' id='word_1_59' title='bbox 1878 792 2175 850; x_wconf 76' lang='lat' dir='ltr'>cuperem,</span> 
     </span>
     <span class='ocr_line' id='line_1_8' title="bbox 194 865 2177 936; baseline -0.001 -16"><span class='ocrx_word' id='word_1_60' title='bbox 194 881 453 920; x_wconf 81' lang='lat' dir='ltr'>uxorem</span> <span class='ocrx_word' id='word_1_61' title='bbox 481 866 644 920; x_wconf 90' lang='lat' dir='ltr'>Darii</span> <span class='ocrx_word' id='word_1_62' title='bbox 683 865 863 919; x_wconf 89' lang='lat' dir='ltr'>filiam</span> <span class='ocrx_word' id='word_1_63' title='bbox 883 867 920 894; x_wconf 87' lang='lat'>¹¹</span> <span class='ocrx_word' id='word_1_64' title='bbox 953 865 1115 931; x_wconf 78' lang='lat' dir='ltr'>duxi,</span> <span class='ocrx_word' id='word_1_65' title='bbox 1156 865 1569 936; x_wconf 82' lang='lat' dir='ltr'><strong>proximisque</strong></span> <span class='ocrx_word' id='word_1_66' title='bbox 1609 867 1931 919; x_wconf 88' lang='lat' dir='ltr'>amicorum</span> <span class='ocrx_word' id='word_1_67' title='bbox 1969 871 2177 922; x_wconf 89' lang='lat' dir='ltr'>auctor</span> 
     </span>
    </p>
   </div>
   <div class='ocr_carea' id='block_1_5' title="bbox 193 954 2199 1032">
    <p class='ocr_par' dir='ltr' id='par_1_5' title="bbox 193 954 2199 1032">
     <span class='ocr_line' id='line_1_9' title="bbox 193 954 2199 1032; baseline 0 -23"><span class='ocrx_word' id='word_1_68' title='bbox 193 955 289 1010; x_wconf 86' lang='lat' dir='ltr'>fui</span> <span class='ocrx_word' id='word_1_69' title='bbox 318 971 395 1009; x_wconf 85' lang='lat' dir='ltr'>ex</span> <span class='ocrx_word' id='word_1_70' title='bbox 415 956 669 1026; x_wconf 89' lang='lat' dir='ltr'>captivis</span> <span class='ocrx_word' id='word_1_71' title='bbox 699 955 1025 1026; x_wconf 81' lang='lat' dir='ltr'>generandi</span> <span class='ocrx_word' id='word_1_72' title='bbox 1055 955 1300 1021; x_wconf 77' lang='lat' dir='ltr'>liheroS‚</span> <span class='ocrx_word' id='word_1_73' title='bbox 1328 956 1389 1007; x_wconf 90' lang='lat' dir='ltr'>ut</span> <span class='ocrx_word' id='word_1_74' title='bbox 1417 954 1530 1008; x_wconf 90' lang='lat' dir='ltr'>hoc</span> <span class='ocrx_word' id='word_1_75' title='bbox 1560 970 1732 1009; x_wconf 85' lang='lat' dir='ltr'>sacro</span> <span class='ocrx_word' id='word_1_76' title='bbox 1760 954 1981 1010; x_wconf 78' lang='lat' dir='ltr'>foedere</span> <span class='ocrx_word' id='word_1_77' title='bbox 2007 971 2199 1032; x_wconf 87' lang='lat' dir='ltr'>omne</span> 
     </span>
    </p>
   </div>
   <div class='ocr_carea' id='block_1_6' title="bbox 196 1044 2180 1737">
    <p class='ocr_par' dir='ltr' id='par_1_6' title="bbox 196 1044 2180 1737">
     <span class='ocr_line' id='line_1_10' title="bbox 196 1044 2177 1117; baseline 0 -17"><span class='ocrx_word' id='word_1_78' title='bbox 196 1046 528 1100; x_wconf 89' lang='lat' dir='ltr'>discrimen</span> <span class='ocrx_word' id='word_1_79' title='bbox 546 1046 586 1072; x_wconf 79' lang='lat'>¹¹</span> <span class='ocrx_word' id='word_1_80' title='bbox 623 1044 762 1100; x_wconf 91' lang='lat' dir='ltr'>victi</span> <span class='ocrx_word' id='word_1_81' title='bbox 799 1050 855 1100; x_wconf 90' lang='lat' dir='ltr'>et</span> <span class='ocrx_word' id='word_1_82' title='bbox 894 1046 1143 1099; x_wconf 87' lang='lat' dir='ltr'>victoris</span> <span class='ocrx_word' id='word_1_83' title='bbox 1192 1044 1589 1098; x_wconf 79' lang='lat' dir='ltr'>excluderem.</span> <span class='ocrx_word' id='word_1_84' title='bbox 1639 1045 1892 1099; x_wconf 79' lang='lat' dir='ltr'>Proinde</span> <span class='ocrx_word' id='word_1_85' title='bbox 1939 1046 2177 1117; x_wconf 83' lang='lat' dir='ltr'>genitos</span> 
     </span>
     <span class='ocr_line' id='line_1_11' title="bbox 198 1132 2177 1205; baseline -0.001 -15"><span class='ocrx_word' id='word_1_86' title='bbox 198 1150 342 1190; x_wconf 88' lang='lat' dir='ltr'>esse</span> <span class='ocrx_word' id='word_1_87' title='bbox 366 1151 472 1189; x_wconf 88' lang='lat' dir='ltr'>vos</span> <span class='ocrx_word' id='word_1_88' title='bbox 500 1136 664 1202; x_wconf 89' lang='lat' dir='ltr'>mihi,</span> <span class='ocrx_word' id='word_1_89' title='bbox 690 1151 810 1189; x_wconf 92' lang='lat' dir='ltr'>non</span> <span class='ocrx_word' id='word_1_90' title='bbox 842 1135 1121 1198; x_wconf 67' lang='lat' dir='ltr'>adscstoe,</span> <span class='ocrx_word' id='word_1_91' title='bbox 1146 1132 1359 1186; x_wconf 85' lang='lat' dir='ltr'>milites</span> <span class='ocrx_word' id='word_1_92' title='bbox 1390 1134 1630 1187; x_wconf 79' lang='lat' dir='ltr'>credite.</span> <span class='ocrx_word' id='word_1_93' title='bbox 1655 1134 1816 1187; x_wconf 82' lang='lat' dir='ltr'>Asiae</span> <span class='ocrx_word' id='word_1_94' title='bbox 1842 1137 1900 1189; x_wconf 87' lang='lat' dir='ltr'>et</span> <span class='ocrx_word' id='word_1_95' title='bbox 1926 1134 2177 1205; x_wconf 84' lang='lat' dir='ltr'>Europae</span> 
     </span>
     <span class='ocr_line' id='line_1_12' title="bbox 197 1221 2174 1295; baseline 0.001 -18"><span class='ocrx_word' id='word_1_96' title='bbox 197 1240 390 1277; x_wconf 90' lang='lat' dir='ltr'>unum</span> <span class='ocrx_word' id='word_1_97' title='bbox 428 1227 600 1293; x_wconf 90' lang='lat' dir='ltr'>atque</span> <span class='ocrx_word' id='word_1_98' title='bbox 627 1224 785 1277; x_wconf 90' lang='lat' dir='ltr'>idem</span> <span class='ocrx_word' id='word_1_99' title='bbox 828 1238 1084 1293; x_wconf 82' lang='lat' dir='ltr'>regnum</span> <span class='ocrx_word' id='word_1_100' title='bbox 1115 1224 1224 1275; x_wconf 88' lang='lat' dir='ltr'>est.</span> <span class='ocrx_word' id='word_1_101' title='bbox 1263 1221 1653 1275; x_wconf 78' lang='lat' dir='ltr'>Macedonum</span> <span class='ocrx_word' id='word_1_102' title='bbox 1682 1223 1858 1278; x_wconf 87' lang='lat' dir='ltr'>vobis</span> <span class='ocrx_word' id='word_1_103' title='bbox 1887 1239 2048 1278; x_wconf 88' lang='lat' dir='ltr'>arma</span> <span class='ocrx_word' id='word_1_104' title='bbox 2077 1224 2174 1295; x_wconf 88' lang='lat' dir='ltr'>do,</span> 
     </span>
     <span class='ocr_line' id='line_1_13' title="bbox 196 1308 2180 1383; baseline 0.001 -18"><span class='ocrx_word' id='word_1_105' title='bbox 196 1313 532 1366; x_wconf 82' lang='lat' dir='ltr'>inveteravi</span> <span class='ocrx_word' id='word_1_106' title='bbox 573 1313 960 1383; x_wconf 83' lang='lat' dir='ltr'>peregrinam</span> <span class='ocrx_word' id='word_1_107' title='bbox 1007 1310 1334 1363; x_wconf 87' lang='lat' dir='ltr'>novitatem</span> <span class='ocrx_word' id='word_1_108' title='bbox 1353 1309 1413 1361; x_wconf 79' lang='lat'>¹³.</span> <span class='ocrx_word' id='word_1_109' title='bbox 1456 1308 1529 1362; x_wconf 85' lang='lat' dir='ltr'>Et</span> <span class='ocrx_word' id='word_1_110' title='bbox 1566 1310 1732 1364; x_wconf 88' lang='lat' dir='ltr'>cives</span> <span class='ocrx_word' id='word_1_111' title='bbox 1781 1311 1894 1365; x_wconf 91' lang='lat' dir='ltr'>mei</span> <span class='ocrx_word' id='word_1_112' title='bbox 1929 1313 2077 1366; x_wconf 86' lang='lat' dir='ltr'>estis</span> <span class='ocrx_word' id='word_1_113' title='bbox 2123 1316 2180 1367; x_wconf 87' lang='lat' dir='ltr'>et</span> 
     </span>
     <span class='ocr_line' id='line_1_14' title="bbox 196 1398 2178 1456; baseline -0.001 -1"><span class='ocrx_word' id='word_1_114' title='bbox 196 1401 443 1456; x_wconf 81' lang='lat' dir='ltr'>milites.</span> <span class='ocrx_word' id='word_1_115' title='bbox 493 1399 698 1454; x_wconf 87' lang='lat' dir='ltr'>Omnia</span> <span class='ocrx_word' id='word_1_116' title='bbox 748 1400 995 1454; x_wconf 91' lang='lat' dir='ltr'>eundem</span> <span class='ocrx_word' id='word_1_117' title='bbox 1023 1398 1066 1424; x_wconf 74' lang='lat'>¹⁴</span> <span class='ocrx_word' id='word_1_118' title='bbox 1111 1398 1332 1452; x_wconf 88' lang='lat' dir='ltr'>ducunt</span> <span class='ocrx_word' id='word_1_119' title='bbox 1378 1398 1638 1451; x_wconf 89' lang='lat' dir='ltr'>colorem</span> <span class='ocrx_word' id='word_1_120' title='bbox 1667 1399 1754 1450; x_wconf 80' lang='lat'>¹³:</span> <span class='ocrx_word' id='word_1_121' title='bbox 1805 1415 1913 1452; x_wconf 89' lang='lat' dir='ltr'>nec</span> <span class='ocrx_word' id='word_1_122' title='bbox 1972 1400 2178 1455; x_wconf 89' lang='lat' dir='ltr'>Persis</span> 
     </span>
     <span class='ocr_line' id='line_1_15' title="bbox 198 1487 2178 1552; baseline -0.001 -8"><span class='ocrx_word' id='word_1_123' title='bbox 198 1489 596 1544; x_wconf 81' lang='lat' dir='ltr'>Macedonum</span> <span class='ocrx_word' id='word_1_124' title='bbox 642 1504 868 1543; x_wconf 89' lang='lat' dir='ltr'>morem</span> <span class='ocrx_word' id='word_1_125' title='bbox 916 1488 1288 1552; x_wconf 87' lang='lat' dir='ltr'>adumbrare,</span> <span class='ocrx_word' id='word_1_126' title='bbox 1340 1502 1445 1541; x_wconf 86' lang='lat' dir='ltr'>nec</span> <span class='ocrx_word' id='word_1_127' title='bbox 1493 1487 1913 1542; x_wconf 83' lang='lat' dir='ltr'>Macedonibus</span> <span class='ocrx_word' id='word_1_128' title='bbox 1958 1490 2178 1544; x_wconf 78' lang='lat' dir='ltr'>Persas</span> 
     </span>
     <span class='ocr_line' id='line_1_16' title="bbox 198 1575 2178 1647; baseline -0.001 -14"><span class='ocrx_word' id='word_1_129' title='bbox 198 1579 430 1633; x_wconf 83' lang='lat' dir='ltr'>imitari</span> <span class='ocrx_word' id='word_1_130' title='bbox 483 1579 843 1633; x_wconf 86' lang='lat' dir='ltr'>indecorum.</span> <span class='ocrx_word' id='word_1_131' title='bbox 891 1577 1178 1647; x_wconf 83' lang='lat' dir='ltr'>Ejusdem</span> <span class='ocrx_word' id='word_1_132' title='bbox 1226 1576 1390 1647; x_wconf 79' lang='lat' dir='ltr'>juris</span> <span class='ocrx_word' id='word_1_133' title='bbox 1445 1591 1581 1630; x_wconf 91' lang='lat' dir='ltr'>esse</span> <span class='ocrx_word' id='word_1_134' title='bbox 1628 1575 1862 1641; x_wconf 87' lang='lat' dir='ltr'>debent,</span> <span class='ocrx_word' id='word_1_135' title='bbox 1912 1577 2012 1647; x_wconf 88' lang='lat' dir='ltr'>qui</span> <span class='ocrx_word' id='word_1_136' title='bbox 2065 1579 2178 1632; x_wconf 83' lang='lat' dir='ltr'>suh</span> 
     </span>
     <span class='ocr_line' id='line_1_17' title="bbox 197 1666 1292 1737; baseline -0.001 -16"><span class='ocrx_word' id='word_1_137' title='bbox 197 1666 413 1722; x_wconf 88' lang='lat' dir='ltr'>eodem</span> <span class='ocrx_word' id='word_1_138' title='bbox 442 1682 586 1737; x_wconf 81' lang='lat' dir='ltr'>rege</span> <span class='ocrx_word' id='word_1_139' title='bbox 615 1667 832 1721; x_wconf 83' lang='lat' dir='ltr'>victuri</span> <span class='ocrx_word' id='word_1_140' title='bbox 860 1668 999 1721; x_wconf 86' lang='lat' dir='ltr'>sunt</span> <span class='ocrx_word' id='word_1_141' title='bbox 1020 1666 1059 1693; x_wconf 79' lang='lat'>¹⁶</span> <span class='ocrx_word' id='word_1_142' title='bbox 1070 1707 1228 1722; x_wconf 90' lang='grc'><strong>.....</strong></span> <span class='ocrx_word' id='word_1_143' title='bbox 1269 1688 1292 1713; x_wconf 88' lang='lat'>»</span> 
     </span>
    </p>
   </div>
   <div class='ocr_carea' id='block_1_7' title="bbox 1010 1896 1375 1952">
    <p class='ocr_par' dir='ltr' id='par_1_7' title="bbox 1010 1896 1375 1952">
     <span class='ocr_line' id='line_1_18' title="bbox 1010 1896 1375 1952; baseline -0.003 0"><span class='ocrx_word' id='word_1_144' title='bbox 1010 1896 1259 1952; x_wconf 87' lang='lat' dir='ltr'>CAPUT</span> <span class='ocrx_word' id='word_1_145' title='bbox 1297 1897 1375 1951; x_wconf 90' lang='lat' dir='ltr'>IV</span> 
     </span>
    </p>
   </div>
   <div class='ocr_carea' id='block_1_8' title="bbox 275 2039 2084 2107">
    <p class='ocr_par' dir='ltr' id='par_1_8' title="bbox 275 2039 2084 2107">
     <span class='ocr_line' id='line_1_19' title="bbox 275 2039 2084 2107; baseline -0.001 -15"><span class='ocrx_word' id='word_1_146' title='bbox 275 2044 586 2107; x_wconf 87' lang='lat' dir='ltr'>Reproches</span> <span class='ocrx_word' id='word_1_147' title='bbox 617 2042 895 2091; x_wconf 73' lang='lat' dir='ltr'>adressees</span> <span class='ocrx_word' id='word_1_148' title='bbox 926 2041 957 2089; x_wconf 69' lang='lat' dir='ltr'>a</span> <span class='ocrx_word' id='word_1_149' title='bbox 986 2040 1276 2089; x_wconf 82' lang='lat' dir='ltr'>Alexandre</span> <span class='ocrx_word' id='word_1_150' title='bbox 1305 2053 1399 2101; x_wconf 85' lang='lat' dir='ltr'>par</span> <span class='ocrx_word' id='word_1_151' title='bbox 1432 2055 1501 2088; x_wconf 91' lang='lat' dir='ltr'>un</span> <span class='ocrx_word' id='word_1_152' title='bbox 1531 2040 1699 2088; x_wconf 84' lang='lat' dir='ltr'>soldat</span> <span class='ocrx_word' id='word_1_153' title='bbox 1728 2039 2084 2090; x_wconf 74' lang='lat' dir='ltr'>macedonica.</span> 
     </span>
    </p>
   </div>
   <div class='ocr_carea' id='block_1_9' title="bbox 275 2162 2174 2386">
    <p class='ocr_par' dir='ltr' id='par_1_9' title="bbox 275 2162 2174 2386">
     <span class='ocr_line' id='line_1_20' title="bbox 959 2162 1420 2218; baseline -0.002 -11"><span class='ocrx_word' id='word_1_154' title='bbox 959 2162 1260 2218; x_wconf 77' lang='lat' dir='ltr'>(Printemps‚</span> <span class='ocrx_word' id='word_1_155' title='bbox 1288 2163 1420 2218; x_wconf 71' lang='lat'>324.)</span> 
     </span>
     <span class='ocr_line' id='line_1_21' title="bbox 275 2314 2174 2386; baseline 0.002 -21"><span class='ocrx_word' id='word_1_156' title='bbox 275 2339 299 2365; x_wconf 66' lang='lat' dir='ltr'>a</span> <span class='ocrx_word' id='word_1_157' title='bbox 334 2315 673 2386; x_wconf 88' lang='lat' dir='ltr'>Quousque,</span> <span class='ocrx_word' id='word_1_158' title='bbox 713 2314 923 2385; x_wconf 88' lang='lat' dir='ltr'>inquit,</span> <span class='ocrx_word' id='word_1_159' title='bbox 973 2314 1171 2367; x_wconf 90' lang='lat' dir='ltr'>animo</span> <span class='ocrx_word' id='word_1_160' title='bbox 1206 2315 1333 2383; x_wconf 87' lang='lat' dir='ltr'>tuo,</span> <span class='ocrx_word' id='word_1_161' title='bbox 1385 2314 1562 2369; x_wconf 86' lang='lat' dir='ltr'>etiam</span> <span class='ocrx_word' id='word_1_162' title='bbox 1606 2329 1712 2384; x_wconf 91' lang='lat' dir='ltr'>per</span> <span class='ocrx_word' id='word_1_163' title='bbox 1754 2314 2064 2386; x_wconf 88' lang='lat' dir='ltr'>supplicia,</span> <span class='ocrx_word' id='word_1_164' title='bbox 2118 2318 2174 2369; x_wconf 87' lang='lat' dir='ltr'>et</span> 
     </span>
    </p>
   </div>
   <div class='ocr_carea' id='block_1_10' title="bbox 191 2479 2177 3595">
    <p class='ocr_par' dir='ltr' id='par_1_10' title="bbox 195 2479 2175 2590">
     <span class='ocr_line' id='line_1_22' title="bbox 247 2479 2175 2536; baseline -0.002 -9"><span class='ocrx_word' id='word_1_165' title='bbox 247 2488 292 2528; x_wconf 81' lang='grc'>’1.</span> <span class='ocrx_word' id='word_1_166' title='bbox 328 2483 571 2526; x_wconf 71' lang='lat' dir='ltr'>Iunior-um.</span> <span class='ocrx_word' id='word_1_167' title='bbox 610 2481 805 2526; x_wconf 83' lang='lat' dir='ltr'>Diodoro</span> <span class='ocrx_word' id='word_1_168' title='bbox 848 2480 908 2525; x_wconf 88' lang='lat' dir='ltr'>de</span> <span class='ocrx_word' id='word_1_169' title='bbox 936 2480 1079 2526; x_wconf 86' lang='lat' dir='ltr'>Sicile</span> <span class='ocrx_word' id='word_1_170' title='bbox 1118 2480 1189 2524; x_wconf 87' lang='lat' dir='ltr'>dit</span> <span class='ocrx_word' id='word_1_171' title='bbox 1216 2479 1331 2536; x_wconf 86' lang='lat' dir='ltr'>qu&#39;il</span> <span class='ocrx_word' id='word_1_172' title='bbox 1368 2492 1395 2535; x_wconf 81' lang='lat' dir='ltr'>y</span> <span class='ocrx_word' id='word_1_173' title='bbox 1419 2493 1480 2525; x_wconf 86' lang='lat' dir='ltr'>en</span> <span class='ocrx_word' id='word_1_174' title='bbox 1507 2481 1635 2526; x_wconf 83' lang='lat' dir='ltr'>avait</span> <span class='ocrx_word' id='word_1_175' title='bbox 1661 2485 1813 2533; x_wconf 84' lang='lat'><strong>30‚000</strong></span> <span class='ocrx_word' id='word_1_176' title='bbox 1839 2479 1959 2525; x_wconf 87' lang='lat' dir='ltr'>dans</span> <span class='ocrx_word' id='word_1_177' title='bbox 1986 2482 2175 2524; x_wconf 78' lang='lat' dir='ltr'>l&#39;armee</span> 
     </span>
     <span class='ocr_line' id='line_1_23' title="bbox 195 2545 522 2590; baseline -0.009 -2"><span class='ocrx_word' id='word_1_178' title='bbox 195 2545 522 2590; x_wconf 78' lang='lat' dir='ltr'>d&#39;Alexandre.</span> 
     </span>
    </p>

    <p class='ocr_par' dir='ltr' id='par_1_11' title="bbox 247 2606 1049 2661">
     <span class='ocr_line' id='line_1_24' title="bbox 247 2606 1049 2661; baseline 0 -10"><span class='ocrx_word' id='word_1_179' title='bbox 247 2612 291 2652; x_wconf 86' lang='lat'>8.</span> <span class='ocrx_word' id='word_1_180' title='bbox 325 2606 505 2661; x_wconf 78' lang='lat' dir='ltr'>Filiam,</span> <span class='ocrx_word' id='word_1_181' title='bbox 534 2610 738 2655; x_wconf 80' lang='lat' dir='ltr'>Roxane,</span> <span class='ocrx_word' id='word_1_182' title='bbox 768 2609 1049 2661; x_wconf 76' lang='lat' dir='ltr'>V111‚1v,29.</span> 
     </span>
    </p>

    <p class='ocr_par' dir='ltr' id='par_1_12' title="bbox 191 2667 2173 2775">
     <span class='ocr_line' id='line_1_25' title="bbox 246 2667 2173 2723; baseline -0.002 -7"><span class='ocrx_word' id='word_1_183' title='bbox 246 2675 293 2716; x_wconf 88' lang='grc'>9.</span> <span class='ocrx_word' id='word_1_184' title='bbox 326 2668 611 2722; x_wconf 64' lang='lat' dir='ltr'>vedianum-⁹,</span> <span class='ocrx_word' id='word_1_185' title='bbox 658 2669 889 2713; x_wconf 83' lang='lat' dir='ltr'>construit</span> <span class='ocrx_word' id='word_1_186' title='bbox 938 2681 1055 2715; x_wconf 85' lang='lat' dir='ltr'>avec</span> <span class='ocrx_word' id='word_1_187' title='bbox 1110 2669 1340 2716; x_wconf 80' lang='lat' dir='ltr'>l’inflnitif</span> <span class='ocrx_word' id='word_1_188' title='bbox 1392 2680 1572 2714; x_wconf 88' lang='lat' dir='ltr'>comme</span> <span class='ocrx_word' id='word_1_189' title='bbox 1631 2668 1827 2722; x_wconf 70' lang='lat' dir='ltr'>(liquari.</span> <span class='ocrx_word' id='word_1_190' title='bbox 1884 2667 1950 2716; x_wconf 81' lang='lat' dir='ltr'>Cf,</span> <span class='ocrx_word' id='word_1_191' title='bbox 2008 2670 2080 2723; x_wconf 86' lang='lat' dir='ltr'>vl,</span> <span class='ocrx_word' id='word_1_192' title='bbox 2128 2680 2173 2722; x_wconf 84' lang='lat' dir='ltr'>v,</span> 
     </span>
     <span class='ocr_line' id='line_1_26' title="bbox 191 2734 412 2775; baseline -0.005 0"><span class='ocrx_word' id='word_1_193' title='bbox 191 2737 313 2775; x_wconf 86' lang='lat' dir='ltr'>note</span> <span class='ocrx_word' id='word_1_194' title='bbox 344 2734 412 2775; x_wconf 88' lang='lat'>38.</span> 
     </span>
    </p>

    <p class='ocr_par' dir='ltr' id='par_1_13' title="bbox 251 2792 1245 2846">
     <span class='ocr_line' id='line_1_27' title="bbox 251 2792 1245 2846; baseline -0.002 -7"><span class='ocrx_word' id='word_1_195' title='bbox 251 2798 326 2839; x_wconf 86' lang='grc'>10.</span> <span class='ocrx_word' id='word_1_196' title='bbox 359 2792 541 2836; x_wconf 82' lang='lat' dir='ltr'>Tollere.</span> <span class='ocrx_word' id='word_1_197' title='bbox 570 2793 855 2846; x_wconf 79' lang='lat' dir='ltr'>Expression</span> <span class='ocrx_word' id='word_1_198' title='bbox 875 2799 1003 2838; x_wconf 81' lang='lat' dir='ltr'>toute</span> <span class='ocrx_word' id='word_1_199' title='bbox 1023 2794 1245 2840; x_wconf 86' lang='lat' dir='ltr'>romaine.</span> 
     </span>
    </p>

    <p class='ocr_par' dir='ltr' id='par_1_14' title="bbox 193 2853 2173 2973">
     <span class='ocr_line' id='line_1_28' title="bbox 250 2853 2173 2909; baseline -0.001 -8"><span class='ocrx_word' id='word_1_200' title='bbox 250 2862 329 2901; x_wconf 87' lang='grc'>11.</span> <span class='ocrx_word' id='word_1_201' title='bbox 362 2855 494 2899; x_wconf 74' lang='lat' dir='ltr'>Darii</span> <span class='ocrx_word' id='word_1_202' title='bbox 535 2855 698 2908; x_wconf 80' lang='lat' dir='ltr'>filiam,</span> <span class='ocrx_word' id='word_1_203' title='bbox 741 2855 921 2909; x_wconf 71' lang='lat' dir='ltr'>l&#39;ainee,</span> <span class='ocrx_word' id='word_1_204' title='bbox 965 2859 1148 2900; x_wconf 74' lang='lat' dir='ltr'>Statii-a.</span> <span class='ocrx_word' id='word_1_205' title='bbox 1196 2857 1369 2909; x_wconf 81' lang='lat' dir='ltr'>Quinte</span> <span class='ocrx_word' id='word_1_206' title='bbox 1413 2859 1560 2900; x_wconf 84' lang='lat' dir='ltr'>curce</span> <span class='ocrx_word' id='word_1_207' title='bbox 1604 2855 1676 2898; x_wconf 81' lang='lat' dir='ltr'>n&#39;a</span> <span class='ocrx_word' id='word_1_208' title='bbox 1727 2866 1809 2909; x_wconf 82' lang='lat' dir='ltr'>pas</span> <span class='ocrx_word' id='word_1_209' title='bbox 1849 2853 1978 2909; x_wconf 77' lang='lat' dir='ltr'>parle</span> <span class='ocrx_word' id='word_1_210' title='bbox 2019 2853 2077 2898; x_wconf 88' lang='lat' dir='ltr'>de</span> <span class='ocrx_word' id='word_1_211' title='bbox 2118 2866 2173 2899; x_wconf 86' lang='lat' dir='ltr'>cc</span> 
     </span>
     <span class='ocr_line' id='line_1_29' title="bbox 193 2916 1774 2973; baseline -0.002 -10"><span class='ocrx_word' id='word_1_212' title='bbox 193 2919 419 2972; x_wconf 80' lang='lat' dir='ltr'>mariage.</span> <span class='ocrx_word' id='word_1_213' title='bbox 450 2920 509 2961; x_wconf 79' lang='lat' dir='ltr'>Sa</span> <span class='ocrx_word' id='word_1_214' title='bbox 536 2928 662 2961; x_wconf 88' lang='lat' dir='ltr'>soeur</span> <span class='ocrx_word' id='word_1_215' title='bbox 687 2920 896 2972; x_wconf 84' lang='lat' dir='ltr'>Drypetis</span> <span class='ocrx_word' id='word_1_216' title='bbox 921 2921 1043 2963; x_wconf 82' lang='lat' dir='ltr'>avait</span> <span class='ocrx_word' id='word_1_217' title='bbox 1068 2919 1143 2964; x_wconf 72' lang='lat' dir='ltr'>ete</span> <span class='ocrx_word' id='word_1_218' title='bbox 1165 2918 1339 2962; x_wconf 68' lang='lat' dir='ltr'>mariae</span> <span class='ocrx_word' id='word_1_219' title='bbox 1369 2920 1396 2962; x_wconf 78' lang='lat' dir='ltr'>a</span> <span class='ocrx_word' id='word_1_220' title='bbox 1422 2916 1720 2973; x_wconf 76' lang='lat' dir='ltr'>nephestion.</span> <span class='ocrx_word' id='word_1_221' title='bbox 1769 2962 1774 2969; x_wconf 71' lang='grc'>,</span> 
     </span>
    </p>

    <p class='ocr_par' dir='ltr' id='par_1_15' title="bbox 251 2978 1146 3035">
     <span class='ocr_line' id='line_1_30' title="bbox 251 2978 1146 3035; baseline -0.002 -10"><span class='ocrx_word' id='word_1_222' title='bbox 251 2986 324 3025; x_wconf 69' lang='grc'>12.</span> <span class='ocrx_word' id='word_1_223' title='bbox 351 2979 621 3025; x_wconf 77' lang='lat' dir='ltr'>Diecrimen.</span> <span class='ocrx_word' id='word_1_224' title='bbox 656 2978 724 3022; x_wconf 84' lang='lat' dir='ltr'>Cf.</span> <span class='ocrx_word' id='word_1_225' title='bbox 754 2983 818 3033; x_wconf 87' lang='lat' dir='ltr'>lv,</span> <span class='ocrx_word' id='word_1_226' title='bbox 845 2993 913 3035; x_wconf 76' lang='lat' dir='ltr'>tx,</span> <span class='ocrx_word' id='word_1_227' title='bbox 944 2986 1051 3024; x_wconf 90' lang='lat' dir='ltr'>note</span> <span class='ocrx_word' id='word_1_228' title='bbox 1077 2982 1146 3026; x_wconf 84' lang='grc'>33.</span> 
     </span>
    </p>

    <p class='ocr_par' dir='ltr' id='par_1_16' title="bbox 194 3040 2177 3345">
     <span class='ocr_line' id='line_1_31' title="bbox 252 3040 2177 3103; baseline -0.002 -15"><span class='ocrx_word' id='word_1_229' title='bbox 252 3047 326 3088; x_wconf 84' lang='grc'>13.</span> <span class='ocrx_word' id='word_1_230' title='bbox 352 3041 596 3086; x_wconf 68' lang='lat' dir='ltr'>inveteravi</span> <span class='ocrx_word' id='word_1_231' title='bbox 617 3042 900 3095; x_wconf 75' lang='lat' dir='ltr'>perearz&#39;nam</span> <span class='ocrx_word' id='word_1_232' title='bbox 927 3043 1181 3093; x_wconf 80' lang='lat' dir='ltr'>novitatem,</span> <span class='ocrx_word' id='word_1_233' title='bbox 1215 3041 1536 3087; x_wconf 85' lang='lat' dir='ltr'>construction</span> <span class='ocrx_word' id='word_1_234' title='bbox 1571 3052 1662 3103; x_wconf 84' lang='lat' dir='ltr'>non</span> <span class='ocrx_word' id='word_1_235' title='bbox 1692 3040 1948 3097; x_wconf 84' lang='lat' dir='ltr'>classique.</span> <span class='ocrx_word' id='word_1_236' title='bbox 1999 3045 2177 3085; x_wconf 87' lang='lat' dir='ltr'>Enten-</span> 
     </span>
     <span class='ocr_line' id='line_1_32' title="bbox 194 3103 2175 3160; baseline -0.002 -11"><span class='ocrx_word' id='word_1_237' title='bbox 194 3106 319 3149; x_wconf 80' lang='lat' dir='ltr'>dez:</span> <span class='ocrx_word' id='word_1_238' title='bbox 351 3103 495 3158; x_wconf 77' lang='lat' dir='ltr'>Effeci</span> <span class='ocrx_word' id='word_1_239' title='bbox 533 3106 585 3146; x_wconf 77' lang='lat' dir='ltr'>ut</span> <span class='ocrx_word' id='word_1_240' title='bbox 629 3108 779 3148; x_wconf 72' lang='lat' dir='ltr'>vestra</span> <span class='ocrx_word' id='word_1_241' title='bbox 820 3105 1061 3159; x_wconf 64' lang='lat' dir='ltr'>pereas-ina</span> <span class='ocrx_word' id='word_1_242' title='bbox 1108 3107 1286 3150; x_wconf 71' lang='lat' dir='ltr'>novitas</span> <span class='ocrx_word' id='word_1_243' title='bbox 1323 3106 1421 3158; x_wconf 84' lang='lat' dir='ltr'>jam</span> <span class='ocrx_word' id='word_1_244' title='bbox 1469 3105 1714 3148; x_wconf 81' lang='lat' dir='ltr'>inveterata</span> <span class='ocrx_word' id='word_1_245' title='bbox 1762 3103 1843 3148; x_wconf 76' lang='lat' dir='ltr'>sil.</span> <span class='ocrx_word' id='word_1_246' title='bbox 1894 3106 2175 3160; x_wconf 85' lang='lat' dir='ltr'>Remarquez</span> 
     </span>
     <span class='ocr_line' id='line_1_33' title="bbox 195 3165 2175 3222; baseline -0.002 -10"><span class='ocrx_word' id='word_1_247' title='bbox 195 3165 430 3212; x_wconf 83' lang='lat' dir='ltr'>l&#39;abstrait</span> <span class='ocrx_word' id='word_1_248' title='bbox 456 3165 691 3220; x_wconf 72' lang='lat' dir='ltr'>pereat-ina</span> <span class='ocrx_word' id='word_1_249' title='bbox 710 3166 883 3209; x_wconf 74' lang='lat' dir='ltr'>novitas</span> <span class='ocrx_word' id='word_1_250' title='bbox 912 3178 1029 3222; x_wconf 88' lang='lat' dir='ltr'>pour</span> <span class='ocrx_word' id='word_1_251' title='bbox 1047 3169 1090 3211; x_wconf 91' lang='lat' dir='ltr'>le</span> <span class='ocrx_word' id='word_1_252' title='bbox 1112 3173 1304 3212; x_wconf 86' lang='lat' dir='ltr'>concret</span> <span class='ocrx_word' id='word_1_253' title='bbox 1322 3168 1420 3210; x_wconf 79' lang='lat' dir='ltr'>novi</span> <span class='ocrx_word' id='word_1_254' title='bbox 1443 3167 1609 3210; x_wconf 75' lang='lat' dir='ltr'>milites</span> <span class='ocrx_word' id='word_1_255' title='bbox 1631 3166 1884 3221; x_wconf 77' lang='lat' dir='ltr'>pereqrini.</span> <span class='ocrx_word' id='word_1_256' title='bbox 1926 3169 1986 3209; x_wconf 83' lang='lat' dir='ltr'>La</span> <span class='ocrx_word' id='word_1_257' title='bbox 2010 3167 2175 3221; x_wconf 83' lang='lat' dir='ltr'>phrase</span> 
     </span>
     <span class='ocr_line' id='line_1_34' title="bbox 195 3227 2173 3284; baseline 0.001 -13"><span class='ocrx_word' id='word_1_258' title='bbox 195 3229 257 3273; x_wconf 90' lang='lat' dir='ltr'>de</span> <span class='ocrx_word' id='word_1_259' title='bbox 288 3228 462 3280; x_wconf 85' lang='lat' dir='ltr'>Quinte</span> <span class='ocrx_word' id='word_1_260' title='bbox 492 3231 639 3271; x_wconf 84' lang='lat' dir='ltr'>curce</span> <span class='ocrx_word' id='word_1_261' title='bbox 668 3227 990 3273; x_wconf 79' lang='lat' dir='ltr'>revientdonc</span> <span class='ocrx_word' id='word_1_262' title='bbox 1019 3230 1047 3271; x_wconf 77' lang='lat' dir='ltr'>a</span> <span class='ocrx_word' id='word_1_263' title='bbox 1075 3229 1301 3272; x_wconf 84' lang='lat' dir='ltr'>celle-ci:</span> <span class='ocrx_word' id='word_1_264' title='bbox 1328 3228 1470 3284; x_wconf 74' lang='lat' dir='ltr'>Effeci</span> <span class='ocrx_word' id='word_1_265' title='bbox 1499 3232 1548 3271; x_wconf 80' lang='lat' dir='ltr'>ut</span> <span class='ocrx_word' id='word_1_266' title='bbox 1577 3240 1665 3283; x_wconf 74' lang='lat' dir='ltr'>vos,</span> <span class='ocrx_word' id='word_1_267' title='bbox 1702 3228 1801 3271; x_wconf 81' lang='lat' dir='ltr'>novi</span> <span class='ocrx_word' id='word_1_268' title='bbox 1837 3228 2013 3272; x_wconf 72' lang='lat' dir='ltr'>milites</span> <span class='ocrx_word' id='word_1_269' title='bbox 2043 3239 2173 3283; x_wconf 82' lang='lat' dir='ltr'>pere-</span> 
     </span>
     <span class='ocr_line' id='line_1_35' title="bbox 194 3289 1158 3345; baseline 0.004 -12"><span class='ocrx_word' id='word_1_270' title='bbox 194 3290 340 3345; x_wconf 62' lang='lat' dir='ltr'>crini,</span> <span class='ocrx_word' id='word_1_271' title='bbox 361 3299 497 3343; x_wconf 75' lang='lat' dir='ltr'>pares</span> <span class='ocrx_word' id='word_1_272' title='bbox 521 3289 631 3332; x_wconf 72' lang='lat' dir='ltr'>sitis</span> <span class='ocrx_word' id='word_1_273' title='bbox 658 3290 886 3335; x_wconf 70' lang='lat' dir='ltr'>veteranis</span> <span class='ocrx_word' id='word_1_274' title='bbox 913 3290 1158 3337; x_wconf 73' lang='lat' dir='ltr'>militibus·</span> 
     </span>
    </p>

    <p class='ocr_par' dir='ltr' id='par_1_17' title="bbox 251 3350 1076 3406">
     <span class='ocr_line' id='line_1_36' title="bbox 251 3350 1076 3406; baseline 0 -10"><span class='ocrx_word' id='word_1_275' title='bbox 251 3353 323 3396; x_wconf 81' lang='lat'>14.</span> <span class='ocrx_word' id='word_1_276' title='bbox 353 3351 566 3394; x_wconf 84' lang='lat' dir='ltr'>Eundem.</span> <span class='ocrx_word' id='word_1_277' title='bbox 596 3350 661 3394; x_wconf 81' lang='lat' dir='ltr'>cf.</span> <span class='ocrx_word' id='word_1_278' title='bbox 693 3354 764 3406; x_wconf 85' lang='lat' dir='ltr'>Vl,</span> <span class='ocrx_word' id='word_1_279' title='bbox 795 3363 846 3406; x_wconf 87' lang='lat' dir='ltr'>n,</span> <span class='ocrx_word' id='word_1_280' title='bbox 876 3356 984 3396; x_wconf 89' lang='lat' dir='ltr'>note</span> <span class='ocrx_word' id='word_1_281' title='bbox 1008 3357 1076 3397; x_wconf 84' lang='grc'>31.</span> 
     </span>
    </p>

    <p class='ocr_par' dir='ltr' id='par_1_18' title="bbox 254 3412 1108 3470">
     <span class='ocr_line' id='line_1_37' title="bbox 254 3412 1108 3470; baseline -0.001 -12"><span class='ocrx_word' id='word_1_282' title='bbox 254 3418 329 3458; x_wconf 82' lang='grc'>15.</span> <span class='ocrx_word' id='word_1_283' title='bbox 364 3412 562 3456; x_wconf 84' lang='lat' dir='ltr'>Colorem</span> <span class='ocrx_word' id='word_1_284' title='bbox 591 3413 750 3457; x_wconf 76' lang='lat' dir='ltr'>ducere</span> <span class='ocrx_word' id='word_1_285' title='bbox 776 3419 849 3458; x_wconf 89' lang='lat' dir='ltr'>est</span> <span class='ocrx_word' id='word_1_286' title='bbox 870 3414 1108 3470; x_wconf 78' lang='lat' dir='ltr'>poetique.</span> 
     </span>
    </p>

    <p class='ocr_par' dir='ltr' id='par_1_19' title="bbox 198 3475 2173 3595">
     <span class='ocr_line' id='line_1_38' title="bbox 256 3475 2173 3528; baseline -0.002 -10"><span class='ocrx_word' id='word_1_287' title='bbox 256 3479 328 3520; x_wconf 84' lang='grc'>16.</span> <span class='ocrx_word' id='word_1_288' title='bbox 363 3478 424 3518; x_wconf 89' lang='lat' dir='ltr'>Le</span> <span class='ocrx_word' id='word_1_289' title='bbox 449 3478 575 3518; x_wconf 84' lang='lat' dir='ltr'>texte</span> <span class='ocrx_word' id='word_1_290' title='bbox 604 3475 821 3528; x_wconf 76' lang='lat' dir='ltr'>presente</span> <span class='ocrx_word' id='word_1_291' title='bbox 851 3476 911 3520; x_wconf 86' lang='lat' dir='ltr'>ici</span> <span class='ocrx_word' id='word_1_292' title='bbox 938 3488 1030 3519; x_wconf 89' lang='lat' dir='ltr'>une</span> <span class='ocrx_word' id='word_1_293' title='bbox 1061 3478 1240 3520; x_wconf 85' lang='lat' dir='ltr'>lacune.</span> <span class='ocrx_word' id='word_1_294' title='bbox 1263 3476 1517 3521; x_wconf 81' lang='lat' dir='ltr'>Alexandre</span> <span class='ocrx_word' id='word_1_295' title='bbox 1544 3477 1761 3521; x_wconf 80' lang='lat' dir='ltr'>achevait</span> <span class='ocrx_word' id='word_1_296' title='bbox 1784 3488 1868 3520; x_wconf 88' lang='lat' dir='ltr'>son</span> <span class='ocrx_word' id='word_1_297' title='bbox 1894 3475 2104 3519; x_wconf 85' lang='lat' dir='ltr'>discours</span> <span class='ocrx_word' id='word_1_298' title='bbox 2125 3479 2173 3516; x_wconf 89' lang='lat' dir='ltr'>et</span> 
     </span>
     <span class='ocr_line' id='line_1_39' title="bbox 198 3536 1788 3595; baseline 0 -13"><span class='ocrx_word' id='word_1_299' title='bbox 198 3538 356 3583; x_wconf 73' lang='lat' dir='ltr'>faisait</span> <span class='ocrx_word' id='word_1_300' title='bbox 381 3537 600 3581; x_wconf 86' lang='lat' dir='ltr'>conduire</span> <span class='ocrx_word' id='word_1_301' title='bbox 629 3549 688 3580; x_wconf 86' lang='lat' dir='ltr'>au</span> <span class='ocrx_word' id='word_1_302' title='bbox 716 3536 931 3593; x_wconf 82' lang='lat' dir='ltr'>supplice</span> <span class='ocrx_word' id='word_1_303' title='bbox 949 3541 1282 3595; x_wconf 84' lang='lat' dir='ltr'>quelques-uns</span> <span class='ocrx_word' id='word_1_304' title='bbox 1301 3540 1386 3585; x_wconf 87' lang='lat' dir='ltr'>des</span> <span class='ocrx_word' id='word_1_305' title='bbox 1403 3543 1508 3595; x_wconf 84' lang='lat' dir='ltr'>plus</span> <span class='ocrx_word' id='word_1_306' title='bbox 1536 3540 1788 3585; x_wconf 75' lang='lat' dir='ltr'>seditieux.</span> 
     </span>
    </p>
   </div>
   <div class='ocr_carea' id='block_1_11' title="bbox 2235 1050 2302 1102">
    <p class='ocr_par' dir='ltr' id='par_1_20' title="bbox 2235 1050 2302 1102">
     <span class='ocr_line' id='line_1_40' title="bbox 2235 1050 2302 1102; baseline 0 0"><span class='ocrx_word' id='word_1_307' title='bbox 2235 1050 2302 1102; x_wconf 83' lang='lat'>13</span> 
     </span>
    </p>
   </div>
   <div class='ocr_carea' id='block_1_12' title="bbox 2234 1408 2302 1461">
    <p class='ocr_par' dir='ltr' id='par_1_21' title="bbox 2234 1408 2302 1461">
     <span class='ocr_line' id='line_1_41' title="bbox 2234 1408 2302 1461; baseline 0.015 -1"><span class='ocrx_word' id='word_1_308' title='bbox 2234 1408 2302 1461; x_wconf 75' lang='lat'>14</span> 
     </span>
    </p>
   </div>
  </div>
 </body>
</html>
